4067 5425
447 336 518 412 290
680 306 967 380 Cunila.
1017 324 1092 379 ut·
1141 301 1573 378 Docet-sun.

630 432 741 523 Atque
757 420 924 526 expurrtllo
941 416 1230 494 t'rutr‘riltmesoerba
1242 416 1362 491 labello.
1594 456 1597 463 ·

451 528 635 621 Magnamit
645 523 744 595 homa
755 518 855 591 melfis
866 519 1046 617 scriptorum
1054 518 1299 616 polenrlcorum,
1324 515 1778 617 quibusdeflynodnmffiela

453 609 615 699 Ordinum
628 622 698 691 orbi
715 615 856 689 universo
867 618 1066 688 examinanda
1073 611 1326 713 dijudlcandaque
1340 624 1525 713 proponent.
1574 617 1784 715 Jalllqtiedtto·

454 718 715 797 honibileslib'elli
727 714 779 784 liic
787 714 990 812 prodierunt,
1015 726 1151 812 quonun
1166 712 1684 809 alternullmessymureontinet,
1708 718 1779 787 uter

454 816 648 895 nccelsariam
678 824 711 884 'x
734 810 900 882 olitionem
924 835 1083 883 canonum
1109 807 1422 880 Rorerodamellllttm
1445 811 1670 909 compltclltul.
1718 802 1779 884 dell

463 838 732 989 'uamvisstudiule
744 907 958 1005 inquinem,
985 908 1166 1005 exemplaria
1176 918 1281 977 tamen
1294 907 1378 977 nulla
1392 910 1508 979 inveni.
1558 908 1643 978 Reln
1660 918 1779 996 ffleuffl3

453 946 495 1089 lle
510 1039 571 1111 qua
585 1009 738 1176 prioraidbus
753 1002 925 1174 selplplsepam
931 1003 1128 1174 {lststdgoque
1143 1016 1215 1074 cutll
1230 1005 1373 1100 Rurllpio
1394 1016 1472 1100 agel.
1497 1006 1627 1077 Vile&
1636 1016 1691 1076 'ine'
1704 1012 1784 1077 aliia·

458 1118 506 1301 lu
530 1111 1586 1297 il'illdllfiuslil'compaetlinApoddiililempurcumdumuadidit,
1610 1199 1782 1296 quodcum

461 1306 605 1389 lalciculo
627 1298 793 1372 commode
814 1297 969 1369 includere
1000 1296 1080 1369 baud
1094 1300 1267 1398 potuerim5
1290 1299 1486 1392 compedium
1497 1292 1578 1367 illius
1590 1298 1662 1366 loe'o
1677 1299 1781 1366 mitto.

462 1399 565 1493 Quod
577 1422 644 1469 non
657 1393 784 1469 moleste
797 1412 828 1465 te
839 1398 969 1466 laturum
983 1391 1081 1492 spero.
1133 1391 1331 1463 Harstvedelio
1346 1401 1379 1463 δι
1392 1386 1627 1490 Lindenbrogio
1642 1396 1786 1492 proxirii'e

353 1566 355 1569 .
459 1498 595 1579 lctibun.

734 1706 768 1729 ἡ,
795 1617 825 1685 E
848 1618 1012 1731 prm
1036 1614 1072 1686 0
1094 1619 1178 1685 LA
1228 1615 1454 1731 C'CXXVI.

535 1738 998 1838 GEVERHARTO
1033 1739 1548 1834 ELMENHORSTIO
1593 1743 1633 1836 S.
1669 1743 1729 1835 D.

970 1904 1071 1972 Lucas
1083 1900 1284 1996 Holsteinius.

551 2081 621 2146 Inas
634 2096 699 2145 ruas
714 2074 795 2145 κᾶε
806 2072 883 2143 mihi
897 2071 1015 2144 traditas
1022 2071 1115 2155 scit'o,
1139 2072 1180 2142 ad
1208 2094 1258 2142 uas
1265 2068 1441 2169 responsum
1448 2070 1673 2144 diutiusdistuli
1680 2100 1690 2157 ‚'
1698 2071 1785 2168 quod

469 2083 699 2242 Bscribendi
713 2191 929 2268 argumentum
941 2167 1005 2238 fere
1020 2170 1140 2251 nullum
1154 2098 1312 2240 laluerim
1327 2198 1346 2257 ,¹
1362 2168 1419 2241 nisi
1433 2169 1575 2240 tralaticia
1583 2167 1655 2256 ista,
1677 2175 1785 2266 &quar

470 2269 553 2338 ultro
566 2271 598 2336 in
610 2266 740 2338 buccam
748 2270 856 2338 venire
869 2266 974 2336 solent.
1023 2264 1077 2337 De
1093 2264 1211 2335 Studita
1225 2268 1390 2336 accuratius
1401 2289 1472 2336 cum
1486 2265 1622 2335 Meursro
1632 2268 1685 2363 egi
1697 2320 1708 2351 ‚
1734 2262 1790 2337 sed

471 2365 556 2434 nulla
567 2363 733 2434 verborum
741 2362 953 2461 vipersuadere
962 2364 1069 2458 potui,
1082 2370 1120 2432 ut'
1125 2362 1295 2433 editionem
1302 2389 1337 2433 ea
1342 2364 1411 2460 lege
1418 2385 1508 2459 atque
1514 2364 1620 2432 omine
1627 2359 1785 2457 luscipi2t,

473 2482 540 2553 quo
553 2460 633 2530 Rev.
657 2458 800 2530 Schottus
813 2462 894 2530 ultro
908 2484 976 2529 eam
991 2457 1049 2529 fibi
1060 2455 1207 2556 deposcit.
1255 2461 1327 2530 Nec
1342 2464 1426 2530 enim
1434 2461 1527 2530 moris
1535 2456 1591 2528 fibi
1602 2455 1690 2528 fuille
1699 2458 1786 2547 dicit,

471 2575 507 2624 ut
521 2554 848 2655 angustiistemporum
861 2552 891 2626 se
904 2554 1110 2625 circumscribi
1121 2577 1292 2653 pateretur,
1323 2558 1480 2653 multaque
1498 2556 1559 2643 jlm
1575 2550 1629 2624 sub
1647 2554 1790 2627 manibus
1853 2600 1861 2615 .

473 2648 532 2724 'else
548 2708 558 2741 ,
589 2660 676 2752 queis
691 2680 787 2725 annus
802 2657 959 2752 proximus
978 2652 1104 2725 edendis
1129 2656 1180 2724 vix
1194 2649 1327 2724 sufficere
1341 2674 1440 2756 queat
1472 2655 1561 2723 Tum
1577 2674 1652 2722 vero
1663 2649 1693 2721 se
1707 2656 1790 2724 Patri

471 2749 600 2821 Schotto
614 2759 681 2821 eam
692 2754 883 2848 prouinciam
897 2776 963 2820 non
979 2751 1133 2835 invidere,
1158 2745 1209 2819 sed
1219 2750 1411 2820 hortatumm
1419 2751 1512 2820 etiam
1524 2767 1782 2846 rogaturumque,

474 2859 511 2915 ut
523 2851 544 2918 o
556 2852 677 2918 'timum
693 2849 847 2917 aridiorem
864 2865 942 2915 ‘eura
956 2845 1105 2944 cordique
1120 2844 1331 2933 haberemur,
1353 2871 1479 2943 temque
1494 2848 1653 2917 literarium
1661 2900 1672 2932 ,
1696 2851 1789 2943 quarn

474 2876 568 3038 ponii
578 2948 736 3040 primum,
759 2965 823 3012 tam
837 2944 1003 3013 immortali
1017 2939 1171 3012 beneficio
1186 2944 1324 3012 mactare.
1350 2943 1437 3013 Resi
1460 2939 1521 3014 frus.
1531 2942 1628 3013 adhuc
1647 2942 1792 3029 fluctuat,

473 3040 658 3110 auditorium
671 3041 757 3136 aque
769 3041 861 3137 atque
871 3041 958 3108 'antea
971 3036 1082 3134 friget,
1107 3063 1167 3137 ego
1175 3059 1295 3124 tamen,
1319 3066 1360 3110 ne
1367 2969 1458 3137 quid
1457 3041 1519 3109 mei
1531 3037 1615 3110 causa
1622 3039 1789 3110 detrimen-

473 3139 499 3204 ti
514 3160 620 3230 capere
630 3131 742 3231 poffir,
762 3132 907 3238 frequens
919 3136 957 3206 ad
970 3131 1151 3233 signalum,
1172 3215 1174 3218 ¹
1199 3137 1315 3207 uamvis
1328 3139 1442 3207 invitus
1454 3132 1517 3206 fere
1532 3140 1651 3207 aurium
1664 3161 1790 3233 operam

478 3233 508 3301 ei
530 3232 632 3301 locem
653 3285 663 3318 ,
695 3231 783 3329 quod
805 3235 984 3302 anatomicis
1026 3161 1245 3306 relectionllsus
1277 3259 1345 3304 earn
1366 3232 1472 3303 horam
1494 3232 1660 3304 subducere
1688 3257 1790 3330 cogar.

479 3329 576 3398 Certe
587 3348 706 3397 tantum
720 3325 771 3396 hie
782 3331 947 3417 juventutis
958 3259 1087 3427 Belgicae
1102 3326 1145 3399 est
1158 3326 1328 3416 fastidium,
1353 3330 1788 3427 tantaliterarumoptimartnn

476 3426 683 3523 negligentia,
707 3447 743 3494 ut
754 3421 879 3494 fermcs
893 3429 998 3496 ortulis
1013 3421 1181 3497 distributis
1195 3424 1232 3495 ad
1245 3428 1391 3497 leciiones
1402 3425 1563 3496 audiendas
1575 3424 1653 3524 ipsos
1660 3425 1789 3498 induce-

475 3527 509 3592 r'e
524 3533 673 3619 oporteat.
697 3522 749 3591 Cl.
773 3449 939 3592 Heinlium
947 3518 1045 3593 detes
1056 3519 1132 3591 onso
1143 3523 1341 3621 compellavi,
1366 3519 1789 3594 ut&oratiuneulnTlreolo'-

478 3622 573 3714 gira,
598 3623 692 3717 q'uam
705 3644 761 3714 per
774 3620 907 3690 Levium
921 3617 950 3689 se
963 3548 1121 3688 mddirum
1134 3618 1282 3716 promisit.
1315 3621 1370 3690 Illa
1383 3623 1484 3718 n'eque
1498 3618 1578 3690 edita
1587 3618 1653 3706 est,
1686 3619 1789 3716 neclue

479 3730 545 3784 non
557 3716 658 3800 edita,
682 3711 744 3784 sola
754 3718 840 3785 enim
854 3718 965 3812 viginti
978 3717 1160 3810 exemplaria
1174 3713 1404 3812 impressasur‘rt‚
1430 3742 1498 3813 quae
1511 3717 1664 3786 interioris
1679 3715 1792 3786 adinis-

479 3809 572 3879 lionis
587 3812 693 3881 amicis
705 3815 929 3898 communicat,
951 3839 968 3882 a
986 3808 1120 3910 profano
1142 3815 1193 3888 vul
1215 3839 1236 3882 o
1251 3810 1476 3910 diligentiffrme
1496 3811 1591 3883 servat
1611 3835 1703 3909 atque
1723 3806 1791 3881 abs-

477 3906 595 3977 condit.
644 3907 768 3992 Credo,
796 3936 836 3978 ne
852 3910 1028 3981 Arminiani
1043 3907 1169 4005 publico
1182 3837 1293 4005 liripto
1308 3935 1375 3979 cam
1384 3911 1580 3996 examinent,
1604 3909 1791 4008 quibuseam

480 4028 546 4072 non
563 4002 730 4072 admodum
743 4004 864 4099 probari
875 4005 972 4076 nouit.
1024 4009 1214 4103 Procopium
1228 4007 1306 4076 intra
1318 4005 1480 4077 biermium
1492 4005 1602 4078 abhinc
1614 4011 1790 4102 proximum

482 4102 535 4168 vix
549 4096 642 4167 dabit.
693 4100 782 4191 Quid
797 4099 933 4197 quartis?
964 4103 1008 4171 nil
1022 4105 1122 4171 ornati
1135 4156 1146 4189 ,
1177 4103 1222 4170 nil
1235 4103 1383 4187 tumulti,
1409 4108 1442 4172 δι
1457 4124 1493 4172 ut
1511 4102 1709 4190 veredicum,
1733 4101 1792 4173 erit

481 4216 631 4293 quantum
644 4195 736 4264 video
748 4197 897 4292 Martialis
909 4201 1123 4268 Scriverianus.
1159 4198 1218 4268 Sed
1231 4198 1434 4269 commodum
1448 4199 1487 4271 de
1499 4201 1649 4271 Scriverio
1662 4222 1696 4269 tu
1712 4223 1797 4297 quo-

481 4316 543 4388 que
556 4288 726 4361 monuisti:
749 4294 822 4388 Ego
839 4319 907 4396 quae
916 4299 950 4365 δι
964 4315 996 4362 tu
1010 4293 1176 4381 mandasti,
1203 4301 1236 4365 dc
1245 4303 1313 4391 quae
1326 4293 1389 4392 ipsc
1403 4298 1572 4396 intelligam
1588 4303 1616 4364 A
1620 4299 1723 4393 pulejo
1739 4321 1795 4365 or-

481 4385 584 4460 nando
597 4385 722 4476 futura,
744 4389 971 4489 diligentillune
984 4394 1169 4489 conquiram
1181 4391 1260 4465 &ad
1269 4412 1299 4464 te
1310 4390 1434 4464 curabo.
1485 4394 1791 4491 ScriptisejusPlato·

1498 4509 1504 4516 '
1719 4513 1797 4560 mers
