<?xml version="1.0" encoding="UTF-8"?>
<!DOCTYPE html PUBLIC "-//W3C//DTD XHTML 1.0 Transitional//EN"
    "http://www.w3.org/TR/xhtml1/DTD/xhtml1-transitional.dtd">
<html xmlns="http://www.w3.org/1999/xhtml" xml:lang="en" lang="en">
 <head>
  <title>
</title>
<meta http-equiv="Content-Type" content="text/html;charset=utf-8" />
  <meta name='ocr-system' content='tesseract 3.04.00' />
  <meta name='ocr-capabilities' content='ocr_page ocr_carea ocr_par ocr_line ocrx_word'/>
</head>
<body>
  <div class='ocr_page' id='page_1' title='image "./marquardigudiie00burmgoog_0467.png"; bbox 0 0 4067 5425; ppageno 0'>
   <div class='ocr_carea' id='block_1_1' title="bbox 406 338 1464 442">
    <p class='ocr_par' dir='ltr' id='par_1_1' title="bbox 406 338 1464 442">
     <span class='ocr_line' id='line_1_1' title="bbox 406 338 1464 442; baseline 0.007 -36"><span class='ocrx_word' id='word_1_1' title='bbox 406 371 482 442; x_wconf 82' lang='lat'>·²4</span> <span class='ocrx_word' id='word_1_2' title='bbox 746 338 1464 416; x_wconf 81' lang='lat' dir='ltr'>CL.sARRAv11</span> 
     </span>
    </p>
   </div>
   <div class='ocr_carea' id='block_1_2' title="bbox 434 465 1752 1056">
    <p class='ocr_par' dir='ltr' id='par_1_2' title="bbox 434 465 1752 1056">
     <span class='ocr_line' id='line_1_2' title="bbox 436 465 1746 574; baseline 0.002 -27"><span class='ocrx_word' id='word_1_3' title='bbox 436 476 748 550; x_wconf 80' lang='lat' dir='ltr'>srSenatuSexdecim</span> <span class='ocrx_word' id='word_1_4' title='bbox 760 477 820 547; x_wconf 90' lang='lat' dir='ltr'>hue</span> <span class='ocrx_word' id='word_1_5' title='bbox 833 476 984 573; x_wconf 83' lang='lat' dir='ltr'>delegati,</span> <span class='ocrx_word' id='word_1_6' title='bbox 996 501 1037 546; x_wconf 87' lang='lat' dir='ltr'>an</span> <span class='ocrx_word' id='word_1_7' title='bbox 1049 477 1192 573; x_wconf 86' lang='lat' dir='ltr'>relegati?</span> <span class='ocrx_word' id='word_1_8' title='bbox 1213 471 1283 548; x_wconf 88' lang='lat' dir='ltr'>sont</span> <span class='ocrx_word' id='word_1_9' title='bbox 1292 465 1351 574; x_wconf 76' lang='lat' dir='ltr'>&#39;qui</span> <span class='ocrx_word' id='word_1_10' title='bbox 1362 499 1472 546; x_wconf 83' lang='lat' dir='ltr'>eorum</span> <span class='ocrx_word' id='word_1_11' title='bbox 1482 474 1566 546; x_wconf 84' lang='lat' dir='ltr'>vices</span> <span class='ocrx_word' id='word_1_12' title='bbox 1573 473 1746 571; x_wconf 84' lang='lat' dir='ltr'><strong>implerent.</strong></span> 
     </span>
     <span class='ocr_line' id='line_1_3' title="bbox 436 570 1747 673; baseline -0.001 -26"><span class='ocrx_word' id='word_1_13' title='bbox 436 577 501 647; x_wconf 83' lang='lat' dir='ltr'>Eos</span> <span class='ocrx_word' id='word_1_14' title='bbox 515 578 593 647; x_wconf 88' lang='lat' dir='ltr'>inter</span> <span class='ocrx_word' id='word_1_15' title='bbox 609 575 661 646; x_wconf 89' lang='lat' dir='ltr'>hic</span> <span class='ocrx_word' id='word_1_16' title='bbox 675 601 735 673; x_wconf 88' lang='lat' dir='ltr'>ego</span> <span class='ocrx_word' id='word_1_17' title='bbox 749 570 837 643; x_wconf 85' lang='lat' dir='ltr'>sedeo</span> <span class='ocrx_word' id='word_1_18' title='bbox 848 598 916 642; x_wconf 91' lang='lat' dir='ltr'>non</span> <span class='ocrx_word' id='word_1_19' title='bbox 926 572 990 644; x_wconf 82' lang='lat' dir='ltr'>stne</span> <span class='ocrx_word' id='word_1_20' title='bbox 1004 596 1120 670; x_wconf 78' lang='lat' dir='ltr'>magno</span> <span class='ocrx_word' id='word_1_21' title='bbox 1136 576 1233 644; x_wconf 86' lang='lat' dir='ltr'>animi</span> <span class='ocrx_word' id='word_1_22' title='bbox 1244 577 1308 644; x_wconf 89' lang='lat' dir='ltr'>mei</span> <span class='ocrx_word' id='word_1_23' title='bbox 1321 596 1476 657; x_wconf 83' lang='lat' dir='ltr'>moerore,</span> <span class='ocrx_word' id='word_1_24' title='bbox 1500 574 1557 669; x_wconf 86' lang='lat' dir='ltr'>qui</span> <span class='ocrx_word' id='word_1_25' title='bbox 1569 575 1690 644; x_wconf 65' lang='lat' dir='ltr'>coraus</span> <span class='ocrx_word' id='word_1_26' title='bbox 1700 574 1747 647; x_wconf 81' lang='lat' dir='ltr'>fui</span> 
     </span>
     <span class='ocr_line' id='line_1_4' title="bbox 435 667 1752 767; baseline 0.002 -25"><span class='ocrx_word' id='word_1_27' title='bbox 435 670 632 742; x_wconf 78' lang='lat' dir='ltr'>invitisstmus</span> <span class='ocrx_word' id='word_1_28' title='bbox 644 693 780 742; x_wconf 79' lang='lat' dir='ltr'>veterum</span> <span class='ocrx_word' id='word_1_29' title='bbox 787 671 988 767; x_wconf 83' lang='lat' dir='ltr'>Collegarum</span> <span class='ocrx_word' id='word_1_30' title='bbox 1001 693 1154 752; x_wconf 82' lang='lat' dir='ltr'>meorum,</span> <span class='ocrx_word' id='word_1_31' title='bbox 1166 667 1474 766; x_wconf 77' lang='lat' dir='ltr'>przstantilsmtorum</span> <span class='ocrx_word' id='word_1_32' title='bbox 1481 672 1618 740; x_wconf 81' lang='lat' dir='ltr'>virorum</span> <span class='ocrx_word' id='word_1_33' title='bbox 1625 723 1636 756; x_wconf 99' lang='lat'>,</span> <span class='ocrx_word' id='word_1_34' title='bbox 1645 671 1752 744; x_wconf 86' lang='lat' dir='ltr'>locum</span> 
     </span>
     <span class='ocr_line' id='line_1_5' title="bbox 434 762 1752 865; baseline 0.001 -27"><span class='ocrx_word' id='word_1_35' title='bbox 434 792 583 864; x_wconf 89' lang='lat' dir='ltr'>occupare</span> <span class='ocrx_word' id='word_1_36' title='bbox 596 797 606 852; x_wconf 81' lang='lat'>3</span> <span class='ocrx_word' id='word_1_37' title='bbox 630 770 736 864; x_wconf 84' lang='lat' dir='ltr'>procul</span> <span class='ocrx_word' id='word_1_38' title='bbox 751 793 768 837; x_wconf 88' lang='lat' dir='ltr'>a</span> <span class='ocrx_word' id='word_1_39' title='bbox 781 769 949 837; x_wconf 85' lang='lat' dir='ltr'>Lutetianis</span> <span class='ocrx_word' id='word_1_40' title='bbox 960 765 1095 852; x_wconf 85' lang='lat' dir='ltr'>deliciis,</span> <span class='ocrx_word' id='word_1_41' title='bbox 1109 764 1289 838; x_wconf 86' lang='lat' dir='ltr'>soriinsanis</span> <span class='ocrx_word' id='word_1_42' title='bbox 1300 768 1406 865; x_wconf 78' lang='lat' dir='ltr'>jurgiis</span> <span class='ocrx_word' id='word_1_43' title='bbox 1419 762 1527 835; x_wconf 80' lang='lat' dir='ltr'>misere</span> <span class='ocrx_word' id='word_1_44' title='bbox 1539 763 1692 840; x_wconf 76' lang='lat' dir='ltr'>diſtrahor.</span> <span class='ocrx_word' id='word_1_45' title='bbox 1717 772 1752 839; x_wconf 87' lang='lat' dir='ltr'>si</span> 
     </span>
     <span class='ocr_line' id='line_1_6' title="bbox 435 861 1751 960; baseline 0.001 -26"><span class='ocrx_word' id='word_1_46' title='bbox 435 882 537 934; x_wconf 82' lang='lat' dir='ltr'>tamen</span> <span class='ocrx_word' id='word_1_47' title='bbox 550 866 647 934; x_wconf 87' lang='lat' dir='ltr'>valere</span> <span class='ocrx_word' id='word_1_48' title='bbox 661 885 707 949; x_wconf 87' lang='lat' dir='ltr'>te,</span> <span class='ocrx_word' id='word_1_49' title='bbox 732 869 765 931; x_wconf 77' lang='grc' dir='ltr'>δι</span> <span class='ocrx_word' id='word_1_50' title='bbox 780 861 963 959; x_wconf 79' lang='lat' dir='ltr'>mesempe&#39;r</span> <span class='ocrx_word' id='word_1_51' title='bbox 976 861 1030 932; x_wconf 82' lang='lat' dir='ltr'>abs</span> <span class='ocrx_word' id='word_1_52' title='bbox 1046 883 1094 949; x_wconf 91' lang='lat' dir='ltr'>te,</span> <span class='ocrx_word' id='word_1_53' title='bbox 1117 865 1290 934; x_wconf 79' lang='lat' dir='ltr'>amicorum</span> <span class='ocrx_word' id='word_1_54' title='bbox 1303 887 1434 960; x_wconf 81' lang='lat' dir='ltr'>purpura</span> <span class='ocrx_word' id='word_1_55' title='bbox 1449 916 1460 947; x_wconf 94' lang='lat'>,</span> <span class='ocrx_word' id='word_1_56' title='bbox 1484 864 1576 933; x_wconf 76' lang='lat' dir='ltr'>anari</span> <span class='ocrx_word' id='word_1_57' title='bbox 1595 865 1751 935; x_wconf 76' lang='lat' dir='ltr'>intellexe-</span> 
     </span>
     <span class='ocr_line' id='line_1_7' title="bbox 434 957 1486 1056; baseline -0.002 -28"><span class='ocrx_word' id='word_1_58' title='bbox 434 984 490 1044; x_wconf 87' lang='lat' dir='ltr'>ro,</span> <span class='ocrx_word' id='word_1_59' title='bbox 514 985 581 1031; x_wconf 88' lang='lat' dir='ltr'>non</span> <span class='ocrx_word' id='word_1_60' title='bbox 593 985 701 1056; x_wconf 88' lang='lat' dir='ltr'>patum</span> <span class='ocrx_word' id='word_1_61' title='bbox 713 959 784 1030; x_wconf 89' lang='lat' dir='ltr'>inde</span> <span class='ocrx_word' id='word_1_62' title='bbox 797 959 963 1031; x_wconf 86' lang='lat' dir='ltr'>recreabor.</span> <span class='ocrx_word' id='word_1_63' title='bbox 989 961 1068 1030; x_wconf 87' lang='lat' dir='ltr'>Vale</span> <span class='ocrx_word' id='word_1_64' title='bbox 1083 957 1180 1031; x_wconf 73' lang='lat' dir='ltr'>mr.</span> <span class='ocrx_word' id='word_1_65' title='bbox 1195 958 1268 1033; x_wconf 74' lang='lat' dir='ltr'>Feb:</span> <span class='ocrx_word' id='word_1_66' title='bbox 1283 983 1341 1030; x_wconf 77' lang='lat' dir='ltr'>c12</span> <span class='ocrx_word' id='word_1_67' title='bbox 1362 981 1416 1029; x_wconf 70' lang='lat' dir='ltr'>rac</span> <span class='ocrx_word' id='word_1_68' title='bbox 1431 980 1486 1031; x_wconf 69' lang='grc' dir='ltr'>ιι.</span> 
     </span>
    </p>
   </div>
   <div class='ocr_carea' id='block_1_3' title="bbox 817 1081 1361 1187">
    <p class='ocr_par' dir='ltr' id='par_1_3' title="bbox 817 1081 1361 1187">
     <span class='ocr_line' id='line_1_8' title="bbox 817 1081 1361 1187; baseline -0.007 -32"><span class='ocrx_word' id='word_1_69' title='bbox 817 1081 1361 1187; x_wconf 65' lang='lat' dir='ltr'>tr1sr0tnxx1.</span> 
     </span>
    </p>
   </div>
   <div class='ocr_carea' id='block_1_4' title="bbox 532 1179 1658 1466">
    <p class='ocr_par' dir='ltr' id='par_1_4' title="bbox 532 1179 1658 1466">
     <span class='ocr_line' id='line_1_9' title="bbox 532 1179 1658 1308; baseline -0.004 0"><span class='ocrx_word' id='word_1_70' title='bbox 532 1179 1658 1308; x_wconf 68' lang='lat' dir='ltr'>cnsnntrtros</span> 
     </span>
     <span class='ocr_line' id='line_1_10' title="bbox 956 1368 1218 1466; baseline -0.011 -33"><span class='ocrx_word' id='word_1_71' title='bbox 956 1368 1089 1466; x_wconf 71' lang='lat' dir='ltr'>Hugonr</span> <span class='ocrx_word' id='word_1_72' title='bbox 1103 1368 1218 1433; x_wconf 70' lang='lat' dir='ltr'>eran.</span> 
     </span>
    </p>
   </div>
   <div class='ocr_carea' id='block_1_5' title="bbox 475 1461 620 1522">
    <p class='ocr_par' dir='ltr' id='par_1_5' title="bbox 475 1461 620 1522">
     <span class='ocr_line' id='line_1_11' title="bbox 475 1461 620 1522; baseline -0.007 0"><span class='ocrx_word' id='word_1_73' title='bbox 475 1461 620 1522; x_wconf 49' lang='lat' dir='ltr'>lutetiam,</span> 
     </span>
    </p>
   </div>
   <div class='ocr_carea' id='block_1_6' title="bbox 285 1532 1810 2504">
    <p class='ocr_par' dir='ltr' id='par_1_6' title="bbox 285 1532 1753 1824">
     <span class='ocr_line' id='line_1_12' title="bbox 538 1532 1751 1631; baseline -0.001 -21"><span class='ocrx_word' id='word_1_74' title='bbox 538 1540 618 1610; x_wconf 92' lang='lat' dir='ltr'>Uod</span> <span class='ocrx_word' id='word_1_75' title='bbox 633 1541 696 1610; x_wconf 91' lang='lat' dir='ltr'>mei</span> <span class='ocrx_word' id='word_1_76' title='bbox 707 1539 785 1612; x_wconf 90' lang='lat' dir='ltr'>olim</span> <span class='ocrx_word' id='word_1_77' title='bbox 797 1537 932 1622; x_wconf 80' lang='lat' dir='ltr'>beatam,</span> <span class='ocrx_word' id='word_1_78' title='bbox 958 1561 1042 1607; x_wconf 90' lang='lat' dir='ltr'>nunc</span> <span class='ocrx_word' id='word_1_79' title='bbox 1055 1533 1279 1631; x_wconf 73' lang='lat' dir='ltr'>lacrymabilem</span> <span class='ocrx_word' id='word_1_80' title='bbox 1291 1532 1442 1606; x_wconf 85' lang='lat' dir='ltr'>suboram</span> <span class='ocrx_word' id='word_1_81' title='bbox 1456 1533 1585 1624; x_wconf 74' lang='lat' dir='ltr'>semod,</span> <span class='ocrx_word' id='word_1_82' title='bbox 1610 1536 1751 1609; x_wconf 86' lang='lat' dir='ltr'>adcoob-</span> 
     </span>
     <span class='ocr_line' id='line_1_13' title="bbox 285 1631 1751 1728; baseline 0 -22"><span class='ocrx_word' id='word_1_83' title='bbox 285 1723 288 1724; x_wconf 15' lang='lat'><em>⁷</em></span> <span class='ocrx_word' id='word_1_84' title='bbox 546 1638 617 1706; x_wconf 86' lang='lat' dir='ltr'>litus</span> <span class='ocrx_word' id='word_1_85' title='bbox 632 1633 771 1720; x_wconf 83' lang='lat' dir='ltr'>nonsrs,</span> <span class='ocrx_word' id='word_1_86' title='bbox 795 1639 857 1706; x_wconf 88' lang='lat' dir='ltr'>Vir</span> <span class='ocrx_word' id='word_1_87' title='bbox 869 1631 1089 1720; x_wconf 82' lang='lat' dir='ltr'>Illustriffane,</span> <span class='ocrx_word' id='word_1_88' title='bbox 1112 1633 1295 1702; x_wconf 80' lang='lat' dir='ltr'>utvoluetis</span> <span class='ocrx_word' id='word_1_89' title='bbox 1321 1634 1555 1728; x_wconf 70' lang='lat' dir='ltr'><strong>interprisum,</strong></span> <span class='ocrx_word' id='word_1_90' title='bbox 1582 1635 1751 1707; x_wconf 83' lang='lat' dir='ltr'>imoutait</span> 
     </span>
     <span class='ocr_line' id='line_1_14' title="bbox 462 1728 1753 1824; baseline 0.002 -23"><span class='ocrx_word' id='word_1_91' title='bbox 462 1733 576 1804; x_wconf 88' lang='lat' dir='ltr'>timum</span> <span class='ocrx_word' id='word_1_92' title='bbox 590 1731 649 1804; x_wconf 86' lang='lat' dir='ltr'>elle</span> <span class='ocrx_word' id='word_1_93' title='bbox 661 1736 744 1802; x_wconf 86' lang='lat' dir='ltr'>aurei</span> <span class='ocrx_word' id='word_1_94' title='bbox 756 1733 802 1801; x_wconf 90' lang='lat' dir='ltr'>tui</span> <span class='ocrx_word' id='word_1_95' title='bbox 810 1728 881 1801; x_wconf 87' lang='lat' dir='ltr'>libri</span> <span class='ocrx_word' id='word_1_96' title='bbox 892 1730 1057 1814; x_wconf 67' lang='lat' dir='ltr'>ledotem,</span> <span class='ocrx_word' id='word_1_97' title='bbox 1069 1753 1136 1798; x_wconf 92' lang='lat' dir='ltr'>non</span> <span class='ocrx_word' id='word_1_98' title='bbox 1144 1730 1245 1824; x_wconf 91' lang='lat' dir='ltr'>potuit</span> <span class='ocrx_word' id='word_1_99' title='bbox 1252 1753 1318 1797; x_wconf 88' lang='lat' dir='ltr'>non</span> <span class='ocrx_word' id='word_1_100' title='bbox 1331 1730 1389 1799; x_wconf 80' lang='lat' dir='ltr'>esse</span> <span class='ocrx_word' id='word_1_101' title='bbox 1403 1729 1661 1818; x_wconf 80' lang='lat' dir='ltr'>jucundislrmum.</span> <span class='ocrx_word' id='word_1_102' title='bbox 1680 1733 1753 1803; x_wconf 83' lang='lat' dir='ltr'>Mi-</span> 
     </span>
    </p>

    <p class='ocr_par' dir='ltr' id='par_1_7' title="bbox 437 1756 1810 2504">
     <span class='ocr_line' id='line_1_15' title="bbox 437 1756 1752 1925; baseline 0.002 -28"><span class='ocrx_word' id='word_1_103' title='bbox 437 1756 472 1899; x_wconf 77' lang='lat' dir='ltr'>si</span> <span class='ocrx_word' id='word_1_104' title='bbox 486 1851 566 1900; x_wconf 88' lang='lat' dir='ltr'>cette</span> <span class='ocrx_word' id='word_1_105' title='bbox 579 1826 701 1900; x_wconf 91' lang='lat' dir='ltr'>summo</span> <span class='ocrx_word' id='word_1_106' title='bbox 714 1828 827 1898; x_wconf 88' lang='lat' dir='ltr'>honori</span> <span class='ocrx_word' id='word_1_107' title='bbox 841 1826 946 1910; x_wconf 88' lang='lat' dir='ltr'>cedit,</span> <span class='ocrx_word' id='word_1_108' title='bbox 970 1847 1029 1896; x_wconf 87' lang='lat' dir='ltr'>ate</span> <span class='ocrx_word' id='word_1_109' title='bbox 1044 1827 1138 1895; x_wconf 86' lang='lat' dir='ltr'>totius</span> <span class='ocrx_word' id='word_1_110' title='bbox 1151 1823 1332 1896; x_wconf 84' lang='lat' dir='ltr'>eruditionis</span> <span class='ocrx_word' id='word_1_111' title='bbox 1346 1822 1430 1895; x_wconf 72' lang='lat' dir='ltr'>sacra</span> <span class='ocrx_word' id='word_1_112' title='bbox 1445 1833 1478 1896; x_wconf 90' lang='lat'>&amp;</span> <span class='ocrx_word' id='word_1_113' title='bbox 1495 1826 1659 1925; x_wconf 67' lang='lat' dir='ltr'>prophana</span> <span class='ocrx_word' id='word_1_114' title='bbox 1681 1829 1752 1899; x_wconf 90' lang='lat' dir='ltr'>Co-</span> 
     </span>
     <span class='ocr_line' id='line_1_16' title="bbox 440 1921 1753 2022; baseline 0.001 -27"><span class='ocrx_word' id='word_1_115' title='bbox 440 1923 577 2021; x_wconf 81' lang='lat' dir='ltr'>ryphaeo,</span> <span class='ocrx_word' id='word_1_116' title='bbox 602 1921 793 2022; x_wconf 88' lang='lat' dir='ltr'>cognosci&amp;</span> <span class='ocrx_word' id='word_1_117' title='bbox 807 1926 918 2019; x_wconf 86' lang='lat' dir='ltr'>amari:</span> <span class='ocrx_word' id='word_1_118' title='bbox 943 1922 1031 2020; x_wconf 91' lang='lat' dir='ltr'>quod</span> <span class='ocrx_word' id='word_1_119' title='bbox 1045 1923 1169 2018; x_wconf 64' lang='lat' dir='ltr'>quotie</span> <span class='ocrx_word' id='word_1_120' title='bbox 1179 1924 1305 2017; x_wconf 89' lang='lat' dir='ltr'>cogito,</span> <span class='ocrx_word' id='word_1_121' title='bbox 1329 1921 1474 1992; x_wconf 82' lang='lat' dir='ltr'>idtutem</span> <span class='ocrx_word' id='word_1_122' title='bbox 1488 1922 1543 1994; x_wconf 89' lang='lat' dir='ltr'>usu</span> <span class='ocrx_word' id='word_1_123' title='bbox 1556 1926 1643 1995; x_wconf 84' lang='lat' dir='ltr'>venit</span> <span class='ocrx_word' id='word_1_124' title='bbox 1654 1922 1753 2022; x_wconf 69' lang='lat' dir='ltr'>sepis</span> 
     </span>
     <span class='ocr_line' id='line_1_17' title="bbox 440 2017 1753 2117; baseline 0.001 -26"><span class='ocrx_word' id='word_1_125' title='bbox 440 2019 532 2108; x_wconf 83' lang='lat' dir='ltr'>stme,</span> <span class='ocrx_word' id='word_1_126' title='bbox 555 2018 652 2092; x_wconf 88' lang='lat' dir='ltr'>facere</span> <span class='ocrx_word' id='word_1_127' title='bbox 665 2046 732 2091; x_wconf 91' lang='lat' dir='ltr'>non</span> <span class='ocrx_word' id='word_1_128' title='bbox 748 2017 884 2116; x_wconf 80' lang='lat' dir='ltr'>possum,</span> <span class='ocrx_word' id='word_1_129' title='bbox 903 2021 981 2117; x_wconf 88' lang='lat' dir='ltr'>quin</span> <span class='ocrx_word' id='word_1_130' title='bbox 995 2018 1087 2090; x_wconf 85' lang='lat' dir='ltr'>toties</span> <span class='ocrx_word' id='word_1_131' title='bbox 1100 2042 1298 2113; x_wconf 80' lang='lat' dir='ltr'>prorumpam</span> <span class='ocrx_word' id='word_1_132' title='bbox 1310 2019 1345 2087; x_wconf 88' lang='lat' dir='ltr'>in</span> <span class='ocrx_word' id='word_1_133' title='bbox 1360 2021 1477 2090; x_wconf 71' lang='lat' dir='ltr'>eximia</span> <span class='ocrx_word' id='word_1_134' title='bbox 1491 2021 1685 2092; x_wconf 78' lang='lat' dir='ltr'>humanitatis</span> <span class='ocrx_word' id='word_1_135' title='bbox 1695 2044 1753 2092; x_wconf 82' lang='lat' dir='ltr'>tuae</span> 
     </span>
     <span class='ocr_line' id='line_1_18' title="bbox 437 2109 1810 2202; baseline 0.002 -14"><span class='ocrx_word' id='word_1_136' title='bbox 437 2116 547 2189; x_wconf 72' lang='lat' dir='ltr'>laudet</span> <span class='ocrx_word' id='word_1_137' title='bbox 574 2119 662 2188; x_wconf 88' lang='lat' dir='ltr'>Cum</span> <span class='ocrx_word' id='word_1_138' title='bbox 675 2118 759 2186; x_wconf 88' lang='lat' dir='ltr'>enim</span> <span class='ocrx_word' id='word_1_139' title='bbox 773 2142 825 2187; x_wconf 88' lang='lat' dir='ltr'>me</span> <span class='ocrx_word' id='word_1_140' title='bbox 837 2119 914 2187; x_wconf 81' lang='lat' dir='ltr'>meis</span> <span class='ocrx_word' id='word_1_141' title='bbox 927 2115 1167 2200; x_wconf 79' lang='lat' dir='ltr'>intueoroculit,</span> <span class='ocrx_word' id='word_1_142' title='bbox 1189 2109 1288 2183; x_wconf 88' lang='lat' dir='ltr'>sentio</span> <span class='ocrx_word' id='word_1_143' title='bbox 1302 2112 1381 2185; x_wconf 88' lang='lat' dir='ltr'>nihil</span> <span class='ocrx_word' id='word_1_144' title='bbox 1392 2113 1452 2185; x_wconf 80' lang='lat' dir='ltr'>elle</span> <span class='ocrx_word' id='word_1_145' title='bbox 1465 2118 1499 2187; x_wconf 91' lang='lat' dir='ltr'>in</span> <span class='ocrx_word' id='word_1_146' title='bbox 1508 2144 1569 2202; x_wconf 87' lang='lat' dir='ltr'>me,</span> <span class='ocrx_word' id='word_1_147' title='bbox 1600 2117 1752 2191; x_wconf 84' lang='lat' dir='ltr'>uodtuam</span> <span class='ocrx_word' id='word_1_148' title='bbox 1798 2147 1810 2166; x_wconf 90' lang='lat'><strong>·</strong></span> 
     </span>
     <span class='ocr_line' id='line_1_19' title="bbox 484 2145 1754 2313; baseline 0.002 -30"><span class='ocrx_word' id='word_1_149' title='bbox 484 2211 532 2283; x_wconf 83' lang='lat' dir='ltr'>ffit</span> <span class='ocrx_word' id='word_1_150' title='bbox 543 2215 661 2285; x_wconf 81' lang='lat' dir='ltr'>allicere</span> <span class='ocrx_word' id='word_1_151' title='bbox 675 2212 939 2286; x_wconf 72' lang='lat' dir='ltr'>benevolentiam:</span> <span class='ocrx_word' id='word_1_152' title='bbox 965 2210 1022 2282; x_wconf 81' lang='lat' dir='ltr'>nib</span> <span class='ocrx_word' id='word_1_153' title='bbox 1038 2207 1138 2281; x_wconf 87' lang='lat' dir='ltr'>forsan</span> <span class='ocrx_word' id='word_1_154' title='bbox 1153 2211 1292 2280; x_wconf 86' lang='lat' dir='ltr'>animum</span> <span class='ocrx_word' id='word_1_155' title='bbox 1305 2235 1376 2308; x_wconf 86' lang='lat' dir='ltr'>erga</span> <span class='ocrx_word' id='word_1_156' title='bbox 1388 2231 1418 2281; x_wconf 89' lang='lat' dir='ltr'>te</span> <span class='ocrx_word' id='word_1_157' title='bbox 1431 2238 1536 2284; x_wconf 85' lang='lat' dir='ltr'>meum</span> <span class='ocrx_word' id='word_1_158' title='bbox 1552 2145 1677 2310; x_wconf 68' lang='lat' dir='ltr'>aspiicis,</span> <span class='ocrx_word' id='word_1_159' title='bbox 1698 2218 1754 2313; x_wconf 91' lang='lat' dir='ltr'>qui</span> 
     </span>
     <span class='ocr_line' id='line_1_20' title="bbox 439 2239 1752 2405; baseline 0.004 -26"><span class='ocrx_word' id='word_1_160' title='bbox 439 2239 526 2396; x_wconf 56' lang='lat' dir='ltr'>Ede,</span> <span class='ocrx_word' id='word_1_161' title='bbox 550 2316 584 2379; x_wconf 91' lang='lat'>&amp;</span> <span class='ocrx_word' id='word_1_162' title='bbox 599 2314 634 2380; x_wconf 87' lang='lat' dir='ltr'>in</span> <span class='ocrx_word' id='word_1_163' title='bbox 646 2308 707 2379; x_wconf 89' lang='lat' dir='ltr'>hoc</span> <span class='ocrx_word' id='word_1_164' title='bbox 718 2311 806 2379; x_wconf 88' lang='lat' dir='ltr'>liceat</span> <span class='ocrx_word' id='word_1_165' title='bbox 816 2311 940 2405; x_wconf 87' lang='lat' dir='ltr'>gloriari</span> <span class='ocrx_word' id='word_1_166' title='bbox 947 2315 964 2394; x_wconf 88' lang='lat'>¹,</span> <span class='ocrx_word' id='word_1_167' title='bbox 989 2333 1056 2379; x_wconf 90' lang='lat' dir='ltr'>non</span> <span class='ocrx_word' id='word_1_168' title='bbox 1069 2330 1198 2403; x_wconf 78' lang='lat' dir='ltr'>mgnus</span> <span class='ocrx_word' id='word_1_169' title='bbox 1215 2326 1356 2396; x_wconf 86' lang='lat' dir='ltr'>tantum,</span> <span class='ocrx_word' id='word_1_170' title='bbox 1381 2305 1432 2379; x_wconf 88' lang='lat' dir='ltr'>sed</span> <span class='ocrx_word' id='word_1_171' title='bbox 1445 2305 1588 2381; x_wconf 61' lang='lat' dir='ltr'>summum</span> <span class='ocrx_word' id='word_1_172' title='bbox 1638 2311 1752 2384; x_wconf 72' lang='lat' dir='ltr'>Grates</span> 
     </span>
     <span class='ocr_line' id='line_1_21' title="bbox 437 2402 1756 2504; baseline 0.005 -30"><span class='ocrx_word' id='word_1_173' title='bbox 437 2407 541 2501; x_wconf 85' lang='lat' dir='ltr'>itaque</span> <span class='ocrx_word' id='word_1_174' title='bbox 555 2431 614 2504; x_wconf 90' lang='lat' dir='ltr'>ago</span> <span class='ocrx_word' id='word_1_175' title='bbox 627 2403 806 2502; x_wconf 81' lang='lat' dir='ltr'>gratiffimas</span> <span class='ocrx_word' id='word_1_176' title='bbox 820 2406 858 2478; x_wconf 91' lang='lat' dir='ltr'>de</span> <span class='ocrx_word' id='word_1_177' title='bbox 872 2427 958 2476; x_wconf 81' lang='lat' dir='ltr'>tanto</span> <span class='ocrx_word' id='word_1_178' title='bbox 971 2424 1028 2476; x_wconf 85' lang='lat' dir='ltr'>tuo</span> <span class='ocrx_word' id='word_1_179' title='bbox 1040 2428 1187 2474; x_wconf 86' lang='lat' dir='ltr'>munere:</span> <span class='ocrx_word' id='word_1_180' title='bbox 1213 2405 1246 2473; x_wconf 89' lang='lat' dir='ltr'>in</span> <span class='ocrx_word' id='word_1_181' title='bbox 1255 2429 1320 2501; x_wconf 92' lang='lat' dir='ltr'>quo</span> <span class='ocrx_word' id='word_1_182' title='bbox 1334 2402 1436 2475; x_wconf 85' lang='lat' dir='ltr'>effecit</span> <span class='ocrx_word' id='word_1_183' title='bbox 1447 2427 1517 2478; x_wconf 78' lang='lat' dir='ltr'>mus</span> <span class='ocrx_word' id='word_1_184' title='bbox 1529 2406 1580 2477; x_wconf 86' lang='lat' dir='ltr'>hic</span> <span class='ocrx_word' id='word_1_185' title='bbox 1588 2405 1756 2503; x_wconf 84' lang='lat' dir='ltr'>postremus</span> 
     </span>
    </p>
   </div>
   <div class='ocr_carea' id='block_1_7' title="bbox 439 2481 1947 2599">
    <p class='ocr_par' dir='ltr' id='par_1_8' title="bbox 439 2481 1947 2599">
     <span class='ocr_line' id='line_1_22' title="bbox 439 2481 1947 2599; baseline -0.054 -27"><span class='ocrx_word' id='word_1_186' title='bbox 439 2499 535 2587; x_wconf 77' lang='lat' dir='ltr'>labor,</span> <span class='ocrx_word' id='word_1_187' title='bbox 551 2523 588 2571; x_wconf 90' lang='lat' dir='ltr'>ut</span> <span class='ocrx_word' id='word_1_188' title='bbox 599 2503 772 2574; x_wconf 69' lang='lat' dir='ltr'>doctrinan</span> <span class='ocrx_word' id='word_1_189' title='bbox 786 2526 858 2574; x_wconf 88' lang='lat' dir='ltr'>cum</span> <span class='ocrx_word' id='word_1_190' title='bbox 871 2497 1383 2599; x_wconf 73' lang='lat' dir='ltr'>pietateconjtmetamhaberemut</span> <span class='ocrx_word' id='word_1_191' title='bbox 1406 2500 1595 2575; x_wconf 80' lang='lat' dir='ltr'>Constduisti</span> <span class='ocrx_word' id='word_1_192' title='bbox 1608 2507 1756 2578; x_wconf 68' lang='lat' dir='ltr'>mm&#39;mm,</span> <span class='ocrx_word' id='word_1_193' title='bbox 1825 2489 1834 2500; x_wconf 82' lang='lat'><strong>·</strong></span> <span class='ocrx_word' id='word_1_194' title='bbox 1941 2481 1947 2494; x_wconf 88' lang='lat'><strong><em>.</em></strong></span> 
     </span>
    </p>
   </div>
   <div class='ocr_carea' id='block_1_8' title="bbox 440 2593 1755 2987">
    <p class='ocr_par' dir='ltr' id='par_1_9' title="bbox 440 2593 1755 2987">
     <span class='ocr_line' id='line_1_23' title="bbox 441 2593 1755 2697; baseline 0.005 -32"><span class='ocrx_word' id='word_1_195' title='bbox 441 2595 539 2684; x_wconf 83' lang='lat' dir='ltr'>saeculi</span> <span class='ocrx_word' id='word_1_196' title='bbox 553 2602 648 2688; x_wconf 84' lang='lat' dir='ltr'>vitio,</span> <span class='ocrx_word' id='word_1_197' title='bbox 673 2606 756 2689; x_wconf 83' lang='lat' dir='ltr'>cujus</span> <span class='ocrx_word' id='word_1_198' title='bbox 769 2600 868 2697; x_wconf 82' lang='lat' dir='ltr'>palato</span> <span class='ocrx_word' id='word_1_199' title='bbox 880 2594 942 2694; x_wconf 81' lang='lat' dir='ltr'>ipsa</span> <span class='ocrx_word' id='word_1_200' title='bbox 955 2601 1050 2695; x_wconf 79' lang='lat' dir='ltr'>pietas</span> <span class='ocrx_word' id='word_1_201' title='bbox 1062 2622 1116 2694; x_wconf 86' lang='lat' dir='ltr'>pet</span> <span class='ocrx_word' id='word_1_202' title='bbox 1130 2595 1160 2668; x_wconf 88' lang='lat' dir='ltr'>se</span> <span class='ocrx_word' id='word_1_203' title='bbox 1174 2598 1225 2669; x_wconf 85' lang='lat' dir='ltr'>vix</span> <span class='ocrx_word' id='word_1_204' title='bbox 1238 2593 1324 2693; x_wconf 81' lang='lat' dir='ltr'>sapit</span> <span class='ocrx_word' id='word_1_205' title='bbox 1373 2599 1432 2669; x_wconf 87' lang='lat' dir='ltr'>Sed</span> <span class='ocrx_word' id='word_1_206' title='bbox 1446 2599 1532 2697; x_wconf 79' lang='lat' dir='ltr'>quod</span> <span class='ocrx_word' id='word_1_207' title='bbox 1545 2621 1609 2670; x_wconf 84' lang='lat' dir='ltr'>tam</span> <span class='ocrx_word' id='word_1_208' title='bbox 1621 2604 1755 2673; x_wconf 87' lang='lat' dir='ltr'>immen-</span> 
     </span>
     <span class='ocr_line' id='line_1_24' title="bbox 441 2690 1754 2797; baseline 0.004 -32"><span class='ocrx_word' id='word_1_209' title='bbox 441 2690 503 2765; x_wconf 86' lang='lat' dir='ltr'>sam</span> <span class='ocrx_word' id='word_1_210' title='bbox 520 2692 770 2768; x_wconf 83' lang='lat' dir='ltr'>ttstimoniotttm</span> <span class='ocrx_word' id='word_1_211' title='bbox 782 2693 917 2793; x_wconf 88' lang='lat' dir='ltr'>segetem</span> <span class='ocrx_word' id='word_1_212' title='bbox 931 2698 1106 2795; x_wconf 83' lang='lat' dir='ltr'>collegeris,</span> <span class='ocrx_word' id='word_1_213' title='bbox 1130 2693 1247 2766; x_wconf 90' lang='lat' dir='ltr'>constet</span> <span class='ocrx_word' id='word_1_214' title='bbox 1258 2695 1331 2768; x_wconf 83' lang='lat' dir='ltr'>inde</span> <span class='ocrx_word' id='word_1_215' title='bbox 1344 2692 1533 2784; x_wconf 77' lang='lat' dir='ltr'>necelle‘est,</span> <span class='ocrx_word' id='word_1_216' title='bbox 1550 2694 1668 2768; x_wconf 85' lang='lat' dir='ltr'>Christi</span> <span class='ocrx_word' id='word_1_217' title='bbox 1682 2699 1754 2797; x_wconf 91' lang='lat' dir='ltr'>glo-</span> 
     </span>
     <span class='ocr_line' id='line_1_25' title="bbox 442 2788 1755 2892; baseline 0.004 -31"><span class='ocrx_word' id='word_1_218' title='bbox 442 2793 520 2862; x_wconf 81' lang='lat' dir='ltr'>tiam</span> <span class='ocrx_word' id='word_1_219' title='bbox 532 2814 587 2863; x_wconf 90' lang='lat' dir='ltr'>tuo</span> <span class='ocrx_word' id='word_1_220' title='bbox 599 2792 717 2890; x_wconf 88' lang='lat' dir='ltr'>semper</span> <span class='ocrx_word' id='word_1_221' title='bbox 728 2788 834 2864; x_wconf 77' lang='lat' dir='ltr'>animo</span> <span class='ocrx_word' id='word_1_222' title='bbox 842 2791 1008 2865; x_wconf 83' lang='lat' dir='ltr'>obversari:</span> <span class='ocrx_word' id='word_1_223' title='bbox 1032 2818 1105 2863; x_wconf 86' lang='lat' dir='ltr'>cum</span> <span class='ocrx_word' id='word_1_224' title='bbox 1115 2811 1406 2892; x_wconf 83' lang='lat' dir='ltr'>tottantaque‚quae</span> <span class='ocrx_word' id='word_1_225' title='bbox 1414 2793 1542 2864; x_wconf 79' lang='lat' dir='ltr'>aliorum</span> <span class='ocrx_word' id='word_1_226' title='bbox 1557 2791 1755 2892; x_wconf 81' lang='lat' dir='ltr'>sagacesocu-</span> 
     </span>
     <span class='ocr_line' id='line_1_26' title="bbox 440 2885 1754 2987; baseline 0.003 -30"><span class='ocrx_word' id='word_1_227' title='bbox 440 2889 488 2957; x_wconf 85' lang='lat' dir='ltr'>los</span> <span class='ocrx_word' id='word_1_228' title='bbox 501 2887 683 2987; x_wconf 83' lang='lat' dir='ltr'>effugerant,</span> <span class='ocrx_word' id='word_1_229' title='bbox 705 2886 802 2959; x_wconf 64' lang='lat' dir='ltr'>sanda</span> <span class='ocrx_word' id='word_1_230' title='bbox 815 2912 867 2959; x_wconf 85' lang='lat' dir='ltr'>tua</span> <span class='ocrx_word' id='word_1_231' title='bbox 879 2889 1038 2985; x_wconf 82' lang='lat' dir='ltr'>diligentia</span> <span class='ocrx_word' id='word_1_232' title='bbox 1049 2895 1082 2958; x_wconf 90' lang='lat'>&amp;</span> <span class='ocrx_word' id='word_1_233' title='bbox 1090 2885 1233 2958; x_wconf 84' lang='lat' dir='ltr'>industria</span> <span class='ocrx_word' id='word_1_234' title='bbox 1246 2892 1365 2959; x_wconf 64' lang='lat' dir='ltr'>emerit</span> <span class='ocrx_word' id='word_1_235' title='bbox 1395 2891 1481 2959; x_wconf 70' lang='lat' dir='ltr'>Facit</span> <span class='ocrx_word' id='word_1_236' title='bbox 1493 2895 1508 2957; x_wconf 73' lang='grc' dir='ltr'><em>ὅ</em></span> <span class='ocrx_word' id='word_1_237' title='bbox 1522 2891 1613 2983; x_wconf 72' lang='lat' dir='ltr'>dolop</span> <span class='ocrx_word' id='word_1_238' title='bbox 1630 2892 1706 2960; x_wconf 68' lang='lat' dir='ltr'>ido·</span> <span class='ocrx_word' id='word_1_239' title='bbox 1719 2912 1754 2963; x_wconf 90' lang='lat' dir='ltr'>ut</span> 
     </span>
    </p>
   </div>
   <div class='ocr_carea' id='block_1_9' title="bbox 444 2979 1993 3098">
    <p class='ocr_par' dir='ltr' id='par_1_10' title="bbox 444 2979 1993 3098">
     <span class='ocr_line' id='line_1_27' title="bbox 444 2979 1993 3098; baseline 0.005 -45"><span class='ocrx_word' id='word_1_240' title='bbox 444 2982 498 3053; x_wconf 87' lang='lat' dir='ltr'>diu</span> <span class='ocrx_word' id='word_1_241' title='bbox 510 2979 651 3081; x_wconf 78' lang='lat' dir='ltr'>supersrs,</span> <span class='ocrx_word' id='word_1_242' title='bbox 675 2983 821 3055; x_wconf 83' lang='lat' dir='ltr'>omnibus</span> <span class='ocrx_word' id='word_1_243' title='bbox 833 2983 923 3071; x_wconf 88' lang='lat' dir='ltr'>bonis</span> <span class='ocrx_word' id='word_1_244' title='bbox 935 2986 1121 3056; x_wconf 85' lang='lat' dir='ltr'>cumulatus:</span> <span class='ocrx_word' id='word_1_245' title='bbox 1145 2987 1350 3098; x_wconf 69' lang='lat' dir='ltr'>Sanclmnqtre</span> <span class='ocrx_word' id='word_1_246' title='bbox 1357 3002 1447 3055; x_wconf 86' lang='lat' dir='ltr'>tuum</span> <span class='ocrx_word' id='word_1_247' title='bbox 1459 2984 1648 3083; x_wconf 84' lang='lat' dir='ltr'>propofitum</span> <span class='ocrx_word' id='word_1_248' title='bbox 1659 2987 1757 3059; x_wconf 82' lang='lat' dir='ltr'>absol-</span> <span class='ocrx_word' id='word_1_249' title='bbox 1857 3054 1861 3059; x_wconf 89' lang='lat'><strong>.</strong></span> <span class='ocrx_word' id='word_1_250' title='bbox 1992 2988 1993 3017; x_wconf 63' lang='lat'>¹</span> 
     </span>
    </p>
   </div>
   <div class='ocr_carea' id='block_1_10' title="bbox 445 3079 1756 3371">
    <p class='ocr_par' dir='ltr' id='par_1_11' title="bbox 445 3079 1756 3371">
     <span class='ocr_line' id='line_1_28' title="bbox 445 3079 1754 3178; baseline 0.008 -31"><span class='ocrx_word' id='word_1_251' title='bbox 445 3104 513 3161; x_wconf 85' lang='lat' dir='ltr'>vas,</span> <span class='ocrx_word' id='word_1_252' title='bbox 536 3082 667 3153; x_wconf 86' lang='lat' dir='ltr'>Novum</span> <span class='ocrx_word' id='word_1_253' title='bbox 682 3079 918 3151; x_wconf 83' lang='lat' dir='ltr'>Testamentum</span> <span class='ocrx_word' id='word_1_254' title='bbox 933 3083 1086 3177; x_wconf 89' lang='lat' dir='ltr'>perpetuis</span> <span class='ocrx_word' id='word_1_255' title='bbox 1097 3081 1156 3151; x_wconf 83' lang='lat' dir='ltr'>tuis</span> <span class='ocrx_word' id='word_1_256' title='bbox 1171 3087 1339 3153; x_wconf 80' lang='lat' dir='ltr'>Annotatrt</span> <span class='ocrx_word' id='word_1_257' title='bbox 1360 3083 1544 3178; x_wconf 82' lang='lat' dir='ltr'>explicatum</span> <span class='ocrx_word' id='word_1_258' title='bbox 1568 3084 1754 3173; x_wconf 79' lang='lat' dir='ltr'>excutiendi,</span> 
     </span>
     <span class='ocr_line' id='line_1_29' title="bbox 445 3171 1756 3275; baseline 0.011 -34"><span class='ocrx_word' id='word_1_259' title='bbox 445 3171 550 3269; x_wconf 72' lang='lat' dir='ltr'>sepius</span> <span class='ocrx_word' id='word_1_260' title='bbox 563 3177 779 3250; x_wconf 89' lang='lat' dir='ltr'>recudendum.</span> <span class='ocrx_word' id='word_1_261' title='bbox 829 3178 906 3262; x_wconf 89' lang='lat' dir='ltr'>Me,</span> <span class='ocrx_word' id='word_1_262' title='bbox 928 3200 1065 3275; x_wconf 83' lang='lat' dir='ltr'>rogote,</span> <span class='ocrx_word' id='word_1_263' title='bbox 1089 3179 1150 3248; x_wconf 87' lang='lat' dir='ltr'>Vir</span> <span class='ocrx_word' id='word_1_264' title='bbox 1164 3174 1376 3271; x_wconf 72' lang='lat' dir='ltr'>illustrissime,</span> <span class='ocrx_word' id='word_1_265' title='bbox 1400 3179 1480 3249; x_wconf 83' lang='lat' dir='ltr'>inter</span> <span class='ocrx_word' id='word_1_266' title='bbox 1490 3183 1628 3251; x_wconf 86' lang='lat' dir='ltr'>nominis</span> <span class='ocrx_word' id='word_1_267' title='bbox 1639 3183 1756 3255; x_wconf 82' lang='lat' dir='ltr'>tuicul-</span> 
     </span>
     <span class='ocr_line' id='line_1_30' title="bbox 447 3271 1626 3371; baseline 0.013 -33"><span class='ocrx_word' id='word_1_268' title='bbox 447 3290 527 3341; x_wconf 85' lang='lat' dir='ltr'>tores</span> <span class='ocrx_word' id='word_1_269' title='bbox 541 3276 708 3370; x_wconf 68' lang='lat' dir='ltr'>precipuos</span> <span class='ocrx_word' id='word_1_270' title='bbox 720 3271 839 3346; x_wconf 90' lang='lat' dir='ltr'>censete</span> <span class='ocrx_word' id='word_1_271' title='bbox 854 3297 957 3371; x_wconf 81' lang='lat' dir='ltr'>perge.</span> <span class='ocrx_word' id='word_1_272' title='bbox 981 3277 1071 3345; x_wconf 84' lang='lat' dir='ltr'>Vale.</span> <span class='ocrx_word' id='word_1_273' title='bbox 1096 3272 1194 3345; x_wconf 89' lang='lat' dir='ltr'>Roth.</span> <span class='ocrx_word' id='word_1_274' title='bbox 1207 3271 1286 3345; x_wconf 89' lang='lat' dir='ltr'>Idib.</span> <span class='ocrx_word' id='word_1_275' title='bbox 1301 3275 1393 3345; x_wconf 84' lang='lat' dir='ltr'>Mart.</span> <span class='ocrx_word' id='word_1_276' title='bbox 1407 3299 1466 3346; x_wconf 78' lang='lat' dir='ltr'>cta</span> <span class='ocrx_word' id='word_1_277' title='bbox 1483 3299 1538 3347; x_wconf 74' lang='lat' dir='ltr'>wc</span> <span class='ocrx_word' id='word_1_278' title='bbox 1552 3299 1626 3353; x_wconf 67' lang='lat' dir='ltr'>xo..</span> 
     </span>
    </p>
   </div>
   <div class='ocr_carea' id='block_1_11' title="bbox 524 3390 1685 3653">
    <p class='ocr_par' dir='ltr' id='par_1_12' title="bbox 524 3390 1685 3653">
     <span class='ocr_line' id='line_1_31' title="bbox 824 3390 1645 3507; baseline 0 -45"><span class='ocrx_word' id='word_1_279' title='bbox 824 3390 1209 3462; x_wconf 79' lang='lat' dir='ltr'><strong>EPI&#39;STOLA</strong></span> <span class='ocrx_word' id='word_1_280' title='bbox 1256 3395 1380 3462; x_wconf 87' lang='lat' dir='ltr'><strong>XXII.</strong></span> <span class='ocrx_word' id='word_1_281' title='bbox 1644 3504 1645 3507; x_wconf 7' lang='grc' dir='ltr'><strong>Ἴ</strong></span> 
     </span>
     <span class='ocr_line' id='line_1_32' title="bbox 524 3507 1685 3653; baseline 0.003 -43"><span class='ocrx_word' id='word_1_282' title='bbox 524 3507 1685 3653; x_wconf 65' lang='lat' dir='ltr'>cnsnnnnv1ut</span> 
     </span>
    </p>
   </div>
   <div class='ocr_carea' id='block_1_12' title="bbox 938 3668 1334 3741">
    <p class='ocr_par' dir='ltr' id='par_1_13' title="bbox 938 3668 1334 3741">
     <span class='ocr_line' id='line_1_33' title="bbox 938 3668 1334 3741; baseline 0 -2"><span class='ocrx_word' id='word_1_283' title='bbox 938 3673 1097 3740; x_wconf 79' lang='lat' dir='ltr'>Vincentio</span> <span class='ocrx_word' id='word_1_284' title='bbox 1120 3668 1271 3741; x_wconf 83' lang='lat' dir='ltr'>Fabricio.</span> <span class='ocrx_word' id='word_1_285' title='bbox 1330 3694 1334 3699; x_wconf 92' lang='grc'><em>·</em></span> 
     </span>
    </p>
   </div>
   <div class='ocr_carea' id='block_1_13' title="bbox 447 3771 1848 4036">
    <p class='ocr_par' dir='ltr' id='par_1_14' title="bbox 447 3771 1848 4036">
     <span class='ocr_line' id='line_1_34' title="bbox 447 3771 1848 4007; baseline 0.008 -98"><span class='ocrx_word' id='word_1_286' title='bbox 447 3771 759 4007; x_wconf 49' lang='grc' dir='ltr'>ᾕᾟῖεῐεάετε,</span> <span class='ocrx_word' id='word_1_287' title='bbox 787 3838 962 3912; x_wconf 78' lang='lat' dir='ltr'>Suaviilrme</span> <span class='ocrx_word' id='word_1_288' title='bbox 969 3839 1108 3928; x_wconf 85' lang='lat' dir='ltr'>Fabrici,</span> <span class='ocrx_word' id='word_1_289' title='bbox 1133 3844 1303 3941; x_wconf 87' lang='lat' dir='ltr'>quidquam</span> <span class='ocrx_word' id='word_1_290' title='bbox 1318 3841 1394 3913; x_wconf 88' lang='lat' dir='ltr'>mihi</span> <span class='ocrx_word' id='word_1_291' title='bbox 1409 3812 1537 3939; x_wconf 73' lang='lat' dir='ltr'>poturis&#39;e</span> <span class='ocrx_word' id='word_1_292' title='bbox 1550 3848 1665 3945; x_wconf 87' lang='lat' dir='ltr'>gratius</span> <span class='ocrx_word' id='word_1_293' title='bbox 1678 3851 1758 3919; x_wconf 84' lang='lat' dir='ltr'>acci-</span> <span class='ocrx_word' id='word_1_294' title='bbox 1838 3886 1848 3909; x_wconf 92' lang='lat'><strong>·</strong></span> 
     </span>
     <span class='ocr_line' id='line_1_35' title="bbox 549 3934 1760 4036; baseline 0.007 -29"><span class='ocrx_word' id='word_1_295' title='bbox 549 3936 619 4007; x_wconf 88' lang='lat' dir='ltr'>dere</span> <span class='ocrx_word' id='word_1_296' title='bbox 639 3941 698 4009; x_wconf 86' lang='lat' dir='ltr'>tuis</span> <span class='ocrx_word' id='word_1_297' title='bbox 715 3934 882 4036; x_wconf 86' lang='lat' dir='ltr'>postremis.</span> <span class='ocrx_word' id='word_1_298' title='bbox 930 3940 1021 4009; x_wconf 91' lang='lat' dir='ltr'>Tum</span> <span class='ocrx_word' id='word_1_299' title='bbox 1032 3941 1105 4034; x_wconf 86' lang='lat' dir='ltr'>quia</span> <span class='ocrx_word' id='word_1_300' title='bbox 1116 3965 1154 4009; x_wconf 83' lang='lat' dir='ltr'>ex</span> <span class='ocrx_word' id='word_1_301' title='bbox 1167 3942 1226 4011; x_wconf 82' lang='lat' dir='ltr'>illis</span> <span class='ocrx_word' id='word_1_302' title='bbox 1240 3941 1393 4023; x_wconf 82' lang='lat' dir='ltr'>intellexi,</span> <span class='ocrx_word' id='word_1_303' title='bbox 1419 3961 1468 4026; x_wconf 91' lang='lat' dir='ltr'>te,</span> <span class='ocrx_word' id='word_1_304' title='bbox 1489 3944 1606 4014; x_wconf 86' lang='lat' dir='ltr'>coelum</span> <span class='ocrx_word' id='word_1_305' title='bbox 1621 3946 1694 4015; x_wconf 88' lang='lat' dir='ltr'>licet</span> <span class='ocrx_word' id='word_1_306' title='bbox 1706 3943 1760 4016; x_wconf 75' lang='lat' dir='ltr'>ste·</span> 
     </span>
    </p>
   </div>
   <div class='ocr_carea' id='block_1_14' title="bbox 436 4030 1764 4595">
    <p class='ocr_par' dir='ltr' id='par_1_15' title="bbox 436 4030 1764 4595">
     <span class='ocr_line' id='line_1_36' title="bbox 472 4030 1756 4138; baseline 0.009 -38"><span class='ocrx_word' id='word_1_307' title='bbox 472 4033 517 4101; x_wconf 88' lang='lat' dir='ltr'>ius</span> <span class='ocrx_word' id='word_1_308' title='bbox 536 4054 720 4119; x_wconf 85' lang='lat' dir='ltr'>mutantem,</span> <span class='ocrx_word' id='word_1_309' title='bbox 744 4038 850 4106; x_wconf 84' lang='lat' dir='ltr'>animo</span> <span class='ocrx_word' id='word_1_310' title='bbox 870 4056 972 4111; x_wconf 78' lang='lat' dir='ltr'>tamen</span> <span class='ocrx_word' id='word_1_311' title='bbox 994 4030 1052 4104; x_wconf 82' lang='lat' dir='ltr'>elle</span> <span class='ocrx_word' id='word_1_312' title='bbox 1075 4059 1146 4130; x_wconf 87' lang='lat' dir='ltr'>erga</span> <span class='ocrx_word' id='word_1_313' title='bbox 1164 4063 1215 4109; x_wconf 88' lang='lat' dir='ltr'>me</span> <span class='ocrx_word' id='word_1_314' title='bbox 1236 4034 1498 4107; x_wconf 83' lang='lat' dir='ltr'>constantiffimo:</span> <span class='ocrx_word' id='word_1_315' title='bbox 1529 4058 1597 4110; x_wconf 92' lang='lat' dir='ltr'>tum</span> <span class='ocrx_word' id='word_1_316' title='bbox 1614 4043 1687 4138; x_wconf 84' lang='lat' dir='ltr'>quia</span> <span class='ocrx_word' id='word_1_317' title='bbox 1706 4068 1756 4112; x_wconf 94' lang='lat' dir='ltr'>me</span> 
     </span>
     <span class='ocr_line' id='line_1_37' title="bbox 446 4058 1758 4234; baseline 0.008 -37"><span class='ocrx_word' id='word_1_318' title='bbox 446 4058 540 4198; x_wconf 73' lang='lat' dir='ltr'>beasti</span> <span class='ocrx_word' id='word_1_319' title='bbox 558 4132 676 4199; x_wconf 90' lang='lat' dir='ltr'>nuncio</span> <span class='ocrx_word' id='word_1_320' title='bbox 694 4132 749 4201; x_wconf 90' lang='lat' dir='ltr'>illo</span> <span class='ocrx_word' id='word_1_321' title='bbox 762 4134 926 4228; x_wconf 86' lang='lat' dir='ltr'>recuperati</span> <span class='ocrx_word' id='word_1_322' title='bbox 945 4133 1007 4200; x_wconf 90' lang='lat' dir='ltr'>mei</span> <span class='ocrx_word' id='word_1_323' title='bbox 1031 4130 1067 4202; x_wconf 85' lang='lat' dir='ltr'>ad</span> <span class='ocrx_word' id='word_1_324' title='bbox 1087 4134 1290 4205; x_wconf 81' lang='lat' dir='ltr'>Gronovium</span> <span class='ocrx_word' id='word_1_325' title='bbox 1315 4130 1453 4204; x_wconf 84' lang='lat' dir='ltr'>nostrum</span> <span class='ocrx_word' id='word_1_326' title='bbox 1477 4128 1633 4221; x_wconf 83' lang='lat' dir='ltr'>fasciculi;</span> <span class='ocrx_word' id='word_1_327' title='bbox 1663 4163 1758 4234; x_wconf 89' lang='lat' dir='ltr'>quem</span> 
     </span>
     <span class='ocr_line' id='line_1_38' title="bbox 446 4222 1761 4331; baseline 0.008 -37"><span class='ocrx_word' id='word_1_328' title='bbox 446 4222 585 4295; x_wconf 81' lang='lat' dir='ltr'>amilium</span> <span class='ocrx_word' id='word_1_329' title='bbox 606 4250 680 4296; x_wconf 84' lang='lat' dir='ltr'>auro</span> <span class='ocrx_word' id='word_1_330' title='bbox 692 4249 798 4296; x_wconf 85' lang='lat' dir='ltr'>contra</span> <span class='ocrx_word' id='word_1_331' title='bbox 809 4228 1003 4324; x_wconf 89' lang='lat' dir='ltr'>redemptum</span> <span class='ocrx_word' id='word_1_332' title='bbox 1017 4227 1185 4299; x_wconf 79' lang='lat' dir='ltr'>voluissem.</span> <span class='ocrx_word' id='word_1_333' title='bbox 1209 4226 1300 4299; x_wconf 90' lang='lat' dir='ltr'>Nihil</span> <span class='ocrx_word' id='word_1_334' title='bbox 1315 4226 1415 4301; x_wconf 84' lang='lat' dir='ltr'>habeo</span> <span class='ocrx_word' id='word_1_335' title='bbox 1428 4230 1514 4326; x_wconf 90' lang='lat' dir='ltr'>quod</span> <span class='ocrx_word' id='word_1_336' title='bbox 1525 4232 1689 4329; x_wconf 85' lang='lat' dir='ltr'>rependam</span> <span class='ocrx_word' id='word_1_337' title='bbox 1704 4259 1761 4331; x_wconf 89' lang='lat' dir='ltr'>pro</span> 
     </span>
     <span class='ocr_line' id='line_1_39' title="bbox 436 4320 1764 4426; baseline 0.013 -41"><span class='ocrx_word' id='word_1_338' title='bbox 436 4342 507 4392; x_wconf 74' lang='lat' dir='ltr'>tam</span> <span class='ocrx_word' id='word_1_339' title='bbox 522 4320 634 4420; x_wconf 80' lang='lat' dir='ltr'>infigni</span> <span class='ocrx_word' id='word_1_340' title='bbox 648 4322 809 4394; x_wconf 84' lang='lat' dir='ltr'>beneficio.</span> <span class='ocrx_word' id='word_1_341' title='bbox 846 4322 913 4421; x_wconf 87' lang='lat' dir='ltr'>lpse</span> <span class='ocrx_word' id='word_1_342' title='bbox 925 4328 1015 4420; x_wconf 82' lang='lat' dir='ltr'>exige</span> <span class='ocrx_word' id='word_1_343' title='bbox 1027 4326 1118 4422; x_wconf 72' lang='lat' dir='ltr'>¹quod</span> <span class='ocrx_word' id='word_1_344' title='bbox 1131 4324 1241 4397; x_wconf 85' lang='lat' dir='ltr'>libebit</span> <span class='ocrx_word' id='word_1_345' title='bbox 1251 4331 1314 4415; x_wconf 84' lang='lat' dir='ltr'>jure</span> <span class='ocrx_word' id='word_1_346' title='bbox 1330 4348 1402 4410; x_wconf 93' lang='lat' dir='ltr'>tuo,</span> <span class='ocrx_word' id='word_1_347' title='bbox 1426 4324 1504 4397; x_wconf 87' lang='lat' dir='ltr'>nihil</span> <span class='ocrx_word' id='word_1_348' title='bbox 1517 4330 1657 4426; x_wconf 81' lang='lat' dir='ltr'>negabo,</span> <span class='ocrx_word' id='word_1_349' title='bbox 1673 4338 1764 4401; x_wconf 88' lang='lat' dir='ltr'>&amp;me</span> 
     </span>
     <span class='ocr_line' id='line_1_40' title="bbox 452 4421 1764 4525; baseline 0.007 -38"><span class='ocrx_word' id='word_1_350' title='bbox 452 4421 727 4517; x_wconf 81' lang='lat' dir='ltr'>reperies&#39;acctptat</span> <span class='ocrx_word' id='word_1_351' title='bbox 741 4423 843 4525; x_wconf 76' lang='lat' dir='ltr'>gratiae</span> <span class='ocrx_word' id='word_1_352' title='bbox 859 4441 980 4519; x_wconf 88' lang='lat' dir='ltr'>gratum</span> <span class='ocrx_word' id='word_1_353' title='bbox 1003 4426 1036 4492; x_wconf 78' lang='lat' dir='ltr'>dc</span> <span class='ocrx_word' id='word_1_354' title='bbox 1050 4447 1229 4519; x_wconf 85' lang='lat' dir='ltr'>memorem.</span> <span class='ocrx_word' id='word_1_355' title='bbox 1254 4421 1352 4513; x_wconf 87' lang='lat' dir='ltr'>Quod</span> <span class='ocrx_word' id='word_1_356' title='bbox 1365 4448 1383 4493; x_wconf 80' lang='lat' dir='ltr'>a</span> <span class='ocrx_word' id='word_1_357' title='bbox 1395 4450 1446 4495; x_wconf 89' lang='lat' dir='ltr'>rnc</span> <span class='ocrx_word' id='word_1_358' title='bbox 1461 4423 1624 4499; x_wconf 82' lang='lat' dir='ltr'>confilium</span> <span class='ocrx_word' id='word_1_359' title='bbox 1641 4431 1764 4525; x_wconf 73' lang='lat' dir='ltr'>queris,</span> 
     </span>
     <span class='ocr_line' id='line_1_41' title="bbox 1726 4523 1764 4595; baseline -0.053 0"><span class='ocrx_word' id='word_1_360' title='bbox 1726 4523 1764 4595; x_wconf 93' lang='lat' dir='ltr'>de</span> 
     </span>
    </p>
   </div>
   <div class='ocr_carea' id='block_1_15' title="bbox 0 0 2047 5425">
    <p class='ocr_par' dir='ltr' id='par_1_16' title="bbox 0 0 2047 5425">
     <span class='ocr_line' id='line_1_42' title="bbox 0 0 2047 5425; baseline 0 0"><span class='ocrx_word' id='word_1_361' title='bbox 0 0 2047 5425; x_wconf 95' lang='lat' dir='ltr'> </span> 
     </span>
    </p>
   </div>
  </div>
 </body>
</html>
