4067 5425
433 305 504 386 342
646 276 940 350 Connus.
983 289 1059 341 nn
1106 249 1601 338 Doctrssrnp

839 409 1229 487 EPISTOLA
1279 409 1342 479 IX.

440 495 1713 658 ⁴serr>1oru1orsurrnron.

752 723 756 728 ·
889 690 1051 792 Dionyfius
1072 685 1285 785 Gothofiedus.
1434 691 1442 698 '

478 794 662 941 arsafium
673 865 781 938 nostre
796 860 873 935 stant
886 860 1047 960 postremis
1060 860 1099 931 ad
1111 879 1142 929 ue
1155 863 1232 932 meis
1245 863 1330 932 velut
1345 863 1380 933 in
1395 861 1518 934 transtro
1534 864 1674 963 quaedtrn
1680 889 1752 963 per·

540 963 719 1063 scripsernn.
765 965 855 1058 Piget
868 955 1163 1058 prasentiarefene,
1188 958 1274 1055 quod
1287 964 1321 1028 dc
1341 955 1497 1055 przientes
1516 961 1584 1031 istic
1596 984 1699 1033 coram
1715 961 1753 1034 iis

440 1065 613 1147 habiturus,
637 1059 781 1159 aquibus
792 1060 899 1128 omnia
913 1052 1014 1126 nostra
1032 1057 1166 1124 omnino
1182 1079 1200 1125 c
1266 1051 1356 1126 oscas.
1402 1059 1513 1155 Frangi
1532 1084 1583 1129 me
1597 1079 1683 1156 putas
1697 1056 1753 1130 ista

445 1165 616 1233 mutatione
631 1157 807 1229 miicnitna.
830 1153 973 1222 Occaliui
986 1150 1024 1221 ad
1037 1148 1103 1220 ista.
1126 1152 1210 1237 Hic,
1225 1156 1231 1168 '
1256 1156 1267 1222 i
1281 1152 1340 1222 effe
1355 1150 1504 1223 mihinon
1518 1178 1656 1241 novum,
1680 1154 1755 1226 ubi-

442 1263 489 1331 vis
500 1258 567 1329 sum
580 1255 756 1352 impellente
770 1270 881 1335 vento,
905 1255 938 1319 ἃ
954 1247 977 1318 st
991 1245 1131 1318 severiter
1194 1273 1242 1334 es,
1265 1247 1386 1319 nullibi
1434 1251 1539 1335 Deru,
1563 1254 1756 1348 opinorttn-

445 1357 518 1428 dem
533 1351 612 1424 mihi
625 1352 688 1421 otia
699 1348 835 1444 benigne
846 1341 945 1417 faciet
970 1343 1031 1414 Sed
1043 1366 1116 1414 cum
1129 1368 1150 1411 v
1250 1353 1287 1417 ad
1296 1369 1347 1415 rne
1355 1369 1389 1416 ac
1401 1349 1652 1418 recentioresnus
1658 1348 1759 1419 literas

444 1452 593 1534 tetradio,
616 1446 708 1518 video
722 1443 840 1514 fabium
850 1439 937 1540 quod
948 1436 1100 1511 infedum
1114 1437 1201 1512 fiurse
1212 1442 1310 1514 velles.
1361 1440 1418 1511 Ab
1433 1441 1480 1512 his
1492 1465 1549 1512 nec
1563 1444 1680 1521 abludit
1687 1449 1755 1515 ani-

448 1572 532 1632 mus,
555 1543 645 1615 rebus
661 1536 846 1637 (urispero)
870 1538 1150 1632 velintcgrisutrim
1173 1562 1230 1624 ue,
1255 1536 1423 1635 dequofac
1448 1535 1581 1635 (queso)
1604 1561 1661 1628 ut,
1679 1565 1758 1612 con·
1810 1567 1813 1575 ‘

446 1639 618 1716 ditionibus
638 1635 783 1710 omnibus
802 1632 942 1724 adjectu,
987 1657 1025 1702 ex
1044 1652 1076 1702 tc
1097 1563 1264 1731 inteiligam
1278 1638 1518 1732 quamprimum.
1565 1638 1642 1708 Hoc
1662 1639 1758 1710 iilove

450 1738 549 1811 modo
571 1762 618 1808 res
638 1730 819 1819 ceciderint,
842 1723 967 1826 presens
984 1726 1089 1798 absens
1106 1749 1230 1802 tuorum
1244 1755 1295 1801 me
1314 1728 1539 1804 beneficiorum
1551 1732 1759 1805 recordatione

449 1832 622 1907 oblediabo.
672 1827 733 1899 sed
745 1844 892 1896 tamenut
902 1821 974 1894 scias
985 1847 1052 1894 non
1068 1822 1102 1894 id
1113 1850 1211 1896 unum
1219 1845 1337 1898 tanmtu
1350 1826 1442 1900 abste
1454 1831 1588 1925 petiuit,
1613 1830 1761 1902 Genero-

340 1949 342 1960 '
448 1928 517 2005 sum
528 1931 581 2000 Slu
604 1929 702 1997 etium
716 1924 872 1996 Polonunt
891 1942 964 1991 curn
976 1921 1143 2017 Gregorio
1160 1942 1345 2020 preceptore
1358 1928 1393 1993 δι
1407 1930 1500 1996 Pero
1514 1927 1643 2015 Boetia,
1665 1951 1761 2025 quarn

452 1954 728 2136 poiiumbdeliten
744 2012 1120 2130 {ndiommoussadvos
1131 2038 1254 2128 eunus,
1277 2019 1474 2133 contuendo.
1498 2019 1627 2094 Ethunc
1656 2019 1766 2096 rostre·
1857 2040 1860 2046 “

451 2112 1471 2310 iimdfflffiffstiiidffii‘iissiffipffgiii
1485 2118 1766 2304 ieiunii?

451 2318 553 2388 nimos
564 2310 682 2386 feceris
731 2307 796 2382 His
808 2304 987 2378 onmibusst
1005 2305 1083 2406 quid
1093 2304 1240 2380 beneficii
1250 2307 1304 2380 ebs
1317 2329 1348 2379 te
1367 2311 1508 2380 collatum
1515 2312 1574 2381 erit
1583 2336 1652 2381 mea
1659 2309 1746 2385 causa
1753 2366 1768 2402 ,

433 2493 437 2498 ¹
457 2409 537 2482 mibi
557 2406 752 2480 benefactum
764 2430 799 2478 es
832 2423 893 2474 arte
911 2424 1067 2500 putavero.
1116 2405 1196 2476 Vale
1209 2409 1242 2473 δι
1262 2431 1314 2476 me
1335 2403 1468 2492 utheri,
1489 2404 1768 2484 hodieetiamnum

454 2531 554 2581 unare
569 2502 731 2576 nedesrne.
878 2497 985 2571 ificum
1003 2501 1051 2571 D.
1066 2499 1234 2573 uectorem
1245 2499 1771 2593 Tttueliumofficiosrffimesaluto,
1891 2537 1893 2544 r

454 2605 505 2675 vel
516 2601 578 2673 boc
591 2600 793 2684 nominatim,
841 2595 905 2669 uod
914 2595 1153 2670 nonitadudum
1160 2652 1172 2686 ,
1187 2622 1259 2669 erun
1270 2598 1361 2670 adD.
1375 2597 1532 2670 Sebizium
1538 2602 1772 2698 Collegarnno-

458 2694 761 2772 strumdesuisrebus
771 2623 930 2779 scriberet,
945 2695 1019 2767 inne
1031 2715 1111 2766 certa
1123 2692 1200 2765 mibi
1207 2716 1330 2766 cautum
1343 2697 1490 2781 voluerit3
1513 2691 1608 2769 seluto
1619 2697 1772 2773 &eodem

460 2801 696 2868 anirnoeaeteros
710 2816 819 2863 ornnes
829 2792 864 2859 D
872 2793 919 2867 D.
928 2790 1074 2887 Collegas
1087 2812 1159 2860 tuos
1172 2790 1361 2862 Clarissimos
1376 2795 1473 2863 amice
1484 2817 1520 2864 ac
1532 2792 1661 2868 sincere:
1683 2791 1773 2872 scdte

456 2888 837 2967 omniurnnuncmrxime.
863 2890 1083 2983 Argentorato
1105 2888 1302 2987 mujunii.
1327 2912 1551 2963 ersmers.

874 3034 1355 3109 urrsronure

553 3155 988 3257 SCIPIONl
1060 3152 1476 3251 GENTILI.
1555 3155 1680 3253 S.D.

929 3311 1092 3412 Dionysius
1115 3307 1327 3406 Gorhffredus.
1485 3402 1487 3409 y

503 3405 658 3482 Aliorsum.

404 3498 407 3503 '
556 3474 907 3565 Emeicuramhabere,
932 3504 970 3549 ex
983 3474 1637 3576 tuisadssrederodiumcerto'deptebendi:
1661 3486 1775 3554 narn&

561 3574 781 3658 metsacriterfl
819 3573 913 3663 insti,
937 3582 971 3646 δι
985 3575 1024 3647 de
1036 3575 1158 3649 certiore
1170 3577 1305 3676 quodam
1318 3600 1404 3646 novo
1417 3571 1645 3674 Ingoiihdienfi
1657 3576 1779 3651 amicti-

466 3678 540 3750 snne
549 3670 714 3748 monuisti:
739 3601 918 3744 nededeeus
931 3669 1316 3747 ssledomussciatultimus
1365 3678 1478 3745 Parum
1490 3670 1696 3762 illudendum,
1718 3675 1776 3747 nist

466 3778 627 3844 &nomen
640 3772 771 3841 Catonis
785 3770 982 3844 meiulocos
992 3766 1032 3840 ab
1045 3768 1156 3842 eodem
1164 3792 1285 3845 notatos
1297 3768 1493 3854 indicaveris,
1514 3771 1601 3868 quod
1613 3768 1780 3843 cumtefa-

467 3870 590 3945 &urum
602 3891 656 3963 per
668 3870 767 3938 literas
779 3866 967 3938 Brederodio
978 3867 1133 3963 pollicitus
1145 3866 1198 3954 sus,
1223 3892 1259 3937 ur
1298 3891 1421 3965 oquam
1472 3861 1696 3939 ssurnrnaxirne.
1720 3871 1783 3942 Fa-

468 3970 531 4036 cies
549 3968 651 4061 itaque
674 3962 706 4033 id
731 3960 906 4061 (urspero)
928 3967 1028 4059 prima
1044 3989 1167 4062 quaque
1188 3985 1246 4034 occ
1275 3988 1356 4033 rone.
1443 3986 1477 4033 ec
1493 3963 1643 4043 movebor
1657 3968 1781 4039 interint

467 4061 515 4133 his
525 4056 714 4157 carptoribus
724 4058 773 4128 vel
785 4057 808 4128 ii
823 4060 985 4130 conviciati
998 4056 1124 4131 fuerint.
1173 4059 1238 4130 Cui
1251 4054 1396 4129 scribenti
1406 4083 1472 4129 non
1488 4058 1584 4131 hostis
1598 4061 1708 4158 aliquis
1720 4089 1779 4161 op-

515 4157 603 4228 sttut?
627 4154 757 4226 Ordinis
768 4152 1014 4227 nostrihomines
1027 4152 1124 4227 nosti:
1147 4151 1320 4226 nasutisatis
1330 4157 1482 4226 acrnorni.
1528 4158 1782 4232 Numinotnni·

493 4282 528 4327 us
539 4251 613 4332 felix
626 4248 807 4337 Accursrus,
826 4256 943 4350 quique
957 4279 1029 4324 eum
1048 4250 1141 4325 secuti
1157 4255 1308 4343 majorum
1329 4254 1471 4350 gentiunt
1491 4253 1695 4350 interpretes?
1716 4281 1784 4328 non

468 4354 537 4425 suos
551 4350 633 4424 naui
645 4347 806 4420 crabrones
826 4349 989 4438 Arrianis,
1016 4351 1203 4443 Cujacius&
1216 4350 1315 4425 caetcri
1328 4345 1450 4424 notui?
1475 4349 1597 4441 Quidni
1609 4350 1688 4425 mibi
1701 4378 1785 4451 quo·

525 4490 530 4499 .
933 4494 934 4497 ,
1723 4473 1788 4550 que
