4067 5425
454 333 528 404 292
671 306 1550 388 Cranianr'Docrrssrn.
1686 318 1759 331 ‘²

457 462 517 535 pus
528 435 711 534 figeremus,
737 437 919 509 obstiterunt
933 432 1041 506 officio
1052 431 1203 506 scribendi
1211 431 1285 503 hinc
1297 431 1370 504 inde
1382 429 1625 530 impedimenta,
1672 431 1772 506 tubus*

458 533 640 605 diuturnum
653 535 712 606 hoc
728 533 878 604 silentium
893 530 1079 629 imputabis,
1104 529 1244 628 mihique
1256 528 1388 600 libenter
1408 527 1555 628 ignosces.
1578 534 1604 601 Ρ
1636 530 1695 600 ‘ris
1706 554 1766 627 po-

459 628 533 701 situs
545 658 611 701 non
627 628 797 716 intermisi,
821 626 957 700 affectare
968 631 1051 700 viam
1065 627 1103 698 ad
1116 624 1352 725 virosquoldam
1363 622 1629 696 samaeruditionia
1639 628 1766 722 perEu·

459 751 566 823 ropam
582 728 730 810 celebres,
745 729 895 823 praecipue
915 725 953 817 ad
967 722 1202 822 Amplilsunum
1215 724 1408 818 Rigaltium,
1440 728 1524 809 cujus
1535 722 1593 790 viri
1617 721 1767 796 sumnum

459 819 680 893 humanitatem
693 821 799 892 frustra
810 823 972 893 laudavero
985 820 1043 891 tibi
1050 876 1060 909 ,
1085 824 1140 918 qui
1153 820 1290 891 oculatus
1296 816 1377 889 restis
1384 839 1454 889 ante
1460 820 1498 889 ali
1521 836 1681 889 uotannos
1689 818 1769 914 ipse·

460 941 526 988 met
544 946 612 991 eam
631 946 662 990 es
683 938 843 1014 expertus,
875 926 908 988 dr
933 917 1030 988 adhuc
1045 919 1177 988 memori
1190 937 1295 986 mente
1309 914 1456 984 recondis.
1518 939 1562 982 on
1576 916 1680 987 minus
1694 922 1768 1011 grass

457 1036 527 1083 tum
542 1016 598 1111 ipsi
614 1015 675 1085 fuit
691 1067 702 1100 ,
725 1014 832 1086 reduci
842 1020 873 1084 in
886 1017 1068 1084 memoriam
1082 1015 1220 1083 amicitia
1241 1031 1344 1082 tecum
1356 1013 1432 1082 olim
1448 1008 1563 1080 Parisiis
1575 1034 1685 1106 coepta
1700 1014 1767 1081 cul-

460 1132 559 1208 taque
574 1140 583 1181 z
608 1137 665 1182 nec
680 1110 852 1181 distantiam
865 1113 1007 1181 locorum
1019 1109 1136 1181 obstare
1150 1164 1161 1197 ‚
1185 1135 1250 1207 quo
1262 1110 1365 1177 minus
1378 1110 1403 1176 is
1419 1103 1555 1190 assedus,
1580 1132 1646 1203 quo
1660 1106 1767 1177 candi-

461 1207 500 1277 da
513 1209 640 1303 prelora
651 1228 720 1278 ante
731 1209 861 1305 longum
874 1230 993 1303 tempus
1007 1210 1042 1277 in
1057 1208 1221 1276 amicitiam
1230 1204 1420 1290 coaluerunt,
1444 1198 1652 1287 conserverru,
1677 1206 1770 1273 &in-

460 1306 580 1375 terdum
594 1303 661 1374 data
676 1300 835 1374 occasione
849 1330 904 1400 per
916 1324 1023 1374 mutua
1049 1301 1152 1373 officia
1164 1303 1347 1398 promineat.
1392 1296 1483 1397 Juffit
1497 1300 1614 1394 igitur,
1646 1323 1718 1370 cum
1731 1301 1766 1371 in

459 1399 613 1568 prtffla
625 1404 686 1513 alio
700 1395 1082 1567 pigqprestapgmurglgqqqn
1099 1397 1377 1563 tellarancqqpretfi
1401 1397 1439 1467 de
1450 1391 1708 1562 ὡῖᾞῂῖω,
1721 1403 1766 1564 gr

480 1523 500 1566 ο
601 1523 612 1567 1
631 1523 665 1567 m
682 1520 772 1567 arnrcr
789 1522 817 1566 ra
903 1523 933 1567 ro
1068 1521 1165 1565 rmum
1223 1519 1254 1563 n.
1313 1517 1355 1563 nc
1378 1517 1526 1562 mannum
1544 1559 1546 1564 ,
1619 1516 1706 1561 orem
1752 1535 1770 1549 ·

461 1616 539 1663 cere.
589 1593 806 1664 Circumduxit
817 1619 876 1665 nos
891 1597 938 1662 vir
950 1596 1087 1689 optimus
1105 1615 1160 1687 per
1174 1588 1428 1661 instruclilsnnam
1441 1594 1474 1657 dc
1486 1608 1573 1657 tanto
1588 1591 1679 1686 Rege
1692 1611 1768 1659 con·

460 1689 587 1786 dignam
600 1688 820 1760 bibliothecam
834 1718 847 1774 3
869 1714 962 1785 quam
976 1685 1159 1784 perlustrasse
1175 1710 1240 1756 non
1253 1687 1355 1755 minus
1369 1686 1471 1755 latum
1484 1682 1562 1755 mihi
1576 1680 1655 1769 ficit,
1675 1709 1769 1781 quam

461 1783 586 1883 siregiis
599 1789 696 1883 epulis
706 1785 883 1855 accumbere
896 1783 1037 1881 dignatus
1050 1780 1179 1853 strilsem.
1227 1785 1273 1853 Ea
1285 1783 1388 1852 latitia
1401 1784 1515 1851 mirum
1537 1780 1571 1850 in
1584 1779 1712 1852 modurn
1726 1780 1769 1851 est

460 1882 606 1969 adauda,
630 1880 798 1979 quodmihi
811 1883 1014 1976 contigitnon
1028 1875 1258 1965 videresolum,
1282 1876 1436 1964 sedadire,
1461 1877 1554 1974 idque
1568 1875 1671 1975 saepius
1678 1876 1770 1947 diser-

400 2058 403 2061 ,
460 1978 572 2049 tflsrme
582 1979 762 2076 loquentem
776 1980 877 2048 virum
889 1980 1079 2063 maximum,
1103 1979 1203 2046 virum
1213 1973 1275 2045 stne
1294 1976 1461 2071 exemplo,
1485 1977 1521 2042 H
1564 2000 1658 2047 onem
1679 1974 1768 2044 Gro-

460 2078 567 2161 tium‚
590 2080 674 2163 cujus
687 2096 881 2144 nomenatot
896 2076 982 2144 annis
1001 2073 1117 2144 summa
1136 2067 1324 2141 observantia
1343 2092 1412 2142 ante
1435 2095 1544 2140 venera
1617 2125 1629 2158 ,
1652 2076 1685 2139 dc
1701 2095 1769 2140 me·-

460 2195 534 2242 cum
549 2196 657 2241 omnes
676 2222 686 2256 ,
741 2173 773 2240 ui
792 2170 962 2242 didicerunt
979 2172 1092 2239 inuno
1108 2169 1226 2239 Grotio
1250 2165 1362 2237 exstare
1384 2165 1542 2251 univerh,
1577 2191 1645 2263 quae
1663 2167 1768 2263 singu-

458 2270 488 2337 la
500 2268 536 2340 ad
572 2263 715 2336 erfediam
754 2266 847 2338 udem
860 2265 984 2363 finguli's
995 2264 1177 2336 sufficerent.
1225 2263 1389 2359 Quicquid
1401 2262 1444 2333 est
1457 2265 1630 2360 praclarum
1646 2264 1680 2332 in
1695 2264 1767 2333 uni·

460 2360 542 2434 versa
549 2293 724 2449 literatura,
748 2362 827 2433 sacra
838 2372 871 2434 &
885 2360 1011 2460 profana
1028 2417 1038 2451 ,
1068 2359 1131 2460 ipse
1144 2356 1450 2460 nonperfitndlorie,
1469 2356 1653 2526 sedupenitus
1668 2364 1771 2430 novit,

458 2465 570 2530 Praeter
581 2461 756 2558 linguarum
767 2463 861 2531 etiam
874 2462 1083 2531 Orientalium
1091 2462 1225 2530 emilam
1236 2458 1468 2553 cognitionem,
1481 2481 1504 2525 n
1546 2454 1618 2527 aest
1633 2454 1767 2551 discipli-

460 2582 499 2626 na
512 2554 572 2627 srve
588 2552 777 2652 superiorum
790 2554 850 2627 sive
873 2556 1054 2627 inferiorum
1070 2558 1178 2625 artium
1200 2580 1234 2626 ac
1254 2551 1443 2624 scientiarum
1457 2606 1467 2638 ,
1502 2578 1566 2650 qua
1577 2577 1643 2622 non
1655 2553 1703 2621 vir
1714 2552 1767 2622 ille

459 2678 527 2724 non
541 2652 643 2723 dicam
652 2654 759 2724 leviter
770 2655 900 2739 riardus,
923 2649 975 2725 sed
988 2655 1110 2751 penitus
1123 2650 1259 2723 imbutus
1274 2649 1317 2720 sit
1365 2652 1441 2721 Hoc
1448 2647 1657 2722 demonstrant
1677 2646 1768 2745 ipsius

460 2752 580 2837 mellei,
601 2749 686 2820 docti
698 2756 731 2819 δι
780 2752 880 2846 ompti
895 2749 1065 2835 sermones,
1089 2749 1189 2846 quide
1203 2750 1362 2846 quavisre,
1385 2746 1537 2845 quicquid
1551 2749 1643 2817 etiam
1655 2765 1765 2816 occur-

462 2869 525 2933 rat,
546 2845 609 2917 sme
623 2843 714 2916 ullah
753 2848 877 2916 natione
891 2845 1035 2917 disserunt
1053 2846 1177 2929 erade,
1196 2852 1233 2938 Ιδι
1246 2843 1414 2914 auditorem
1420 2846 1454 2913 in
1473 2843 1705 2932 admirationem
1719 2868 1767 2912 ra·

459 2946 557 3038 piune
610 2944 642 3011 Si
654 2945 733 3012 inter
743 2942 936 3038 loquendum
952 2945 1107 3039 inquirere
1122 2939 1248 3025 lubeat,
1274 2939 1354 3037 quid
1366 2965 1467 3010 rerum
1482 2939 1605 3037 publice
1620 2962 1765 3035 nuncge-
1821 2949 1828 2966 ’

458 3058 539 3108 ratur
552 3043 585 3109 in
598 3035 658 3105 hoc
670 3038 720 3106 vel
735 3039 796 3107 alio
810 3037 900 3123 orbe,
925 3062 963 3108 eit
975 3035 1041 3133 ipso
1050 3059 1202 3136 tanquam·
1213 3036 1338 3107 oraculo
1346 3035 1505 3133 depromas
1515 3062 1616 3107 rerum
1622 3039 1765 3108 omniunt

457 3130 533 3203 scitu
546 3132 710 3229 dignamm
723 3137 945 3229 cognitionem.
969 3135 1131 3231 Quicquid
1144 3136 1268 3217 dixero,
1291 3132 1481 3230 virtusipsms
1493 3129 1526 3203 su
1548 3155 1609 3203 erat
1622 3186 1636 3217 ,
1656 3138 1690 3201 dc
1702 3133 1764 3202 oria

458 3226 660 3300 meiinsantia
677 3228 1225 3329 nunquamadsurgetadtantiHerois
1236 3229 1337 3300 laudes
1350 3228 1505 3328 condigne
1575 3228 1762 3300 raedicandas.

457 3327 587 3396 Interim
601 3327 678 3420 rapit
691 3351 742 3395 me
757 3326 900 3397 candidus
912 3323 1046 3397 adfedus
1061 3327 1099 3398 ad
1112 3323 1339 3398 contestandam
1352 3326 1550 3398 devotionem
1562 3380 1573 3412 ,
1597 3351 1668 3423 erga
1681 3323 1764 3396 hunc

457 3423 549 3491 talem
564 3474 577 3508 ,
600 3427 684 3510 eujus
696 3424 849 3519 ingenuus
864 3425 985 3510 vultus,
1011 3423 1156 3493 melleum
1172 3448 1231 3508 os,
1262 3421 1416 3494 eruditum
1430 3425 1534 3520 peetus
1545 3429 1579 3492 dc
1594 3419 1761 3493 suaviffima

454 3521 616 3603 comitas,
634 3514 792 3587 harebrmt
802 3517 874 3589 huic
889 3521 1005 3616 pediori
1020 3517 1111 3589 infixa
1125 3572 1136 3604 ,
1160 3525 1248 3591 Dum
1261 3546 1375 3591 memor
1387 3521 1445 3621 ipse
1454 3526 1531 3603 mei,
1554 3519 1629 3589 dum
1634 3520 1765 3622 spiritua

456 3613 511 3686 hos
525 3637 606 3716 reget
617 3636 712 3685 artus.
735 3616 839 3685 Gallia
849 3616 927 3685 olim
942 3641 1020 3686 verae
1030 3614 1209 3686 entditionis
1221 3611 1303 3686 sedes
1312 3642 1346 3687 ac
1357 3614 1507 3687 theatrum
1521 3613 1628 3686 habuit
1650 3640 1761 3707 quam.-

478 3712 627 3797 lurimos,
653 3714 709 3806 qui
722 3707 776 3781 suo
788 3708 947 3808 splendore
960 3710 1074 3782 orbem
1092 3711 1238 3783 terrarum
1250 3711 1439 3783 illustrantur
1488 3711 1547 3783 Sed
1558 3710 1760 3808 quemadmo-

544 3805 637 3877 hodic
647 3804 712 3879 fere
726 3806 827 3878 ubivis
837 3809 978 3878 locorum
988 3831 1097 3878 omnes
1109 3807 1200 3880 bona
1214 3812 1330 3879 artesin
1339 3811 1463 3881 exilium
1474 3810 1525 3908 agi
1537 3807 1695 3893 videntur,
1719 3807 1760 3877 fic
1823 3804 1830 3821 '

454 3904 547 3972 etiam
561 3904 595 3970 in
615 3901 677 3972 hoc
690 3902 906 3976 florentissuno
924 3928 1022 4001 regno
1038 3903 1210 3978 admodum
1226 3908 1316 4001 pauci
1329 3900 1506 4001 supersint,
1537 3906 1593 4004 qui
1604 3902 1767 4000 pristinam

454 3995 615 4068 famamac
638 3996 942 4072 laudemsustineant.
967 4007 1029 4072 Pro
1041 4004 1190 4097 Apolline
1204 4003 1358 4084 Martem,
1373 4026 1431 4099 pro
1447 4001 1765 4074 MinervaBellonam
1867 4029 1877 4040 ·
2001 4067 2002 4076 ,

450 4100 513 4182 jam
526 4094 746 4188 ampledimur.
796 4099 903 4168 Tanto
928 4100 1046 4193 impetu
1059 4097 1214 4169 Barbaries
1231 4103 1291 4187 jam
1307 4098 1448 4195 ingruere
1466 4098 1612 4180 videtru,
1639 4119 1675 4168 ut
1685 4120 1762 4194 pro-

453 4189 547 4268 brum
560 4186 751 4275 existiment,
775 4218 846 4264 non·
858 4192 959 4264 dicam
973 4190 1110 4278 discere,
1134 4192 1186 4266 led
1203 4213 1431 4264 amaretantum
1440 4192 1650 4266 bonasliteras.
1676 4201 1763 4264 Ant*

453 4290 597 4384 werpiam
610 4311 684 4357 cum
695 4287 906 4378 transiremus,
924 4291 1020 4363 incidi
1031 4286 1124 4361 etiarn
1139 4291 1322 4362 innotitiam
1329 4286 1481 4362 Francisci
1493 4292 1629 4378 Swertii,
1654 4292 1713 4362 viri
1723 4286 1763 4361 ad

453 4385 633 4484 elegantiam
646 4391 678 4456 dc
693 4382 896 4459 urbanitatem
915 4383 998 4459 fam.
1046 4387 1155 4463 Edidit
1177 4411 1275 4486 nuper
1297 4411 1400 4486 opus,
1432 4392 1486 4462 cui
1504 4391 1612 4462 tiutlua
1632 4385 1771 4461 Athene
