4067 5425
463 306 509 407 48
777 286 1492 375 curruuavm

464 423 643 520 cbosogium
656 417 828 507 edomant,
851 416 1022 517 multosque
1042 418 1210 490 istiufinodi
1226 417 1321 489 libros
1336 409 1528 517 pollicentur
1582 416 1782 517 Emditiliimi

465 523 595 619 Rigaltii
606 520 759 588 Minucius
770 520 855 587 Felix
870 514 924 585 sub
937 520 1029 611 ptaelo
1041 512 1131 585 sudat.
1180 514 1340 585 Miraberis
1353 542 1390 591 ex
1405 540 1470 582 uno
1484 515 1553 622 MS
1567 516 1654 624 regio
1668 517 1780 587 tot&-

341 688 346 696 ,
466 615 561 685 versas
574 615 723 684 editiones
730 614 889 709 prodiisse.
913 614 1004 682 Vidit
1015 635 1117 681 tamen
1131 612 1198 691 ille,
1224 636 1292 705 qua
1304 633 1482 680 caeterorum
1495 610 1684 706 ddigentram
1698 610 1778 682 ffu-

380 746 388 781 ·.
466 734 585 807 gerant3
607 707 719 779 scilicet
737 711 820 801 firlus
834 710 948 779 Tranio
960 712 1107 776 vultures.
1154 704 1659 801 Nihilhicestnovommamplim
1683 711 1772 778 Vale

465 802 856 879 Lutct.Paris.ldib.Marr.
881 826 1135 873 crinciunt.

894 924 1368 1011 epistotae.

447 1042 452 1053 ¹
555 1053 683 1149 Ch
792 1049 1786 1151 SARIRAV'IUS.

969 1206 1288 1273 mmmm

463 1307 645 1539 Bceqelppsma
658 1398 690 1447 te
710 1378 835 1473 accepi,
859 1376 971 1471 quibus
985 1379 1054 1446 unis
1067 1369 1147 1446 bisce
1174 1373 1372 1472 respondebo.
1424 1377 1543 1445 Priores
1555 1374 1609 1444 diu
1622 1370 1765 1468 estquod

541 1473 670 1544 reddidit
680 1470 893 1544 Gothosredus
907 1496 994 1541 tritu:
1020 1472 1156 1567 dumque
1168 1494 1202 1541 ut
1213 1476 1294 1566 paria
1310 1469 1441 1541 facerem
1453 1479 1515 1560 ejus
1528 1469 1565 1539 ad
1572 1468 1766 1540 vosrcditum

395 1576 401 1589 '
462 1569 677 1680 expediebant,
701 1571 803 1639 alteras
818 1568 984 1641 Candalius
995 1567 1126 1637 sororius
1140 1572 1354 1732 attulitnupcr.
1401 1570 1500 1677 Hace
1536 1564 1674 1730 (ἐξὲξ
1688 1563 1767 1727 (1ιὲ

459 1661 842 1856 {mum
848 1689 983 1829 dili?
991 1662 1496 1857 illutibilis&
1502 1687 1765 1854 ’usumque

458 1880 592 2016 quorum
613 1861 658 1926 scu
679 1853 765 1925 sirete
775 1855 958 1925 testimonia.
1009 1853 1153 1951 Uterque
1168 1857 1253 1924 enim
1265 1853 1304 1923 de
1324 1876 1381 1923 tuo
1392 1881 1461 1952 erga
1476 1857 1574 1923 literas
1585 1858 1618 1922 δι
1632 1854 1765 1921 literatos

317 1958 322 1965 ’
472 1951 576 2039 tudio,
600 1951 638 2022 de
646 1949 825 2023 doeiiffirois
837 1955 897 2021 tuis
908 1950 1154 2035 recitationibus,
1177 1949 1216 2020 de
1229 1949 1413 2021 homiliisad
1427 1951 1577 2046 populum
1587 1948 1711 2018 muditis
1725 1954 1761 2017 de

457 2047 661 2145 elegantibus,
684 2045 1281 2143 demagnis,utabsolvam,viru1tibus,
1305 2041 1663 2144 magnaqueindefama,
1688 2068 1766 2139 prae-

457 2143 534 2211 clara
546 2150 580 2213 dc
591 2141 754 2238 magnilica
772 2145 989 2239 pronuntiavit.
1038 2142 1151 2212 Blanda
1170 2137 1336 2237 suspensam
1356 2140 1489 2211 vicissim
1508 2141 1617 2238 gaudia
1629 2160 1767 2211 mentem

456 2263 557 2307 meam
570 2259 785 2335 pertentavero.
833 2240 969 2309 Mentiar
980 2241 1065 2308 enim
1086 2237 1108 2308 si
1130 2237 1236 2308 dixero
1248 2237 1363 2334 aliquid
1384 2264 1521 2335 unquam
1540 2234 1766 2306 miltituditum

455 2334 623 2421 jucundius.
673 2337 824 2433 Quamvis
839 2333 1206 2405 eriiiuomniaistaanimo
1218 2331 1422 2431 praecepissem
1432 2342 1467 2404 δι
1480 2330 1764 2430 votospeiquemoe

456 2427 535 2498 belle
545 2429 759 2526 respondeant,
789 2429 988 2527 gratissimum
1004 2450 1106 2501 tamen
1116 2427 1182 2499 'suit
1193 2455 1229 2498 ex
1245 2431 1302 2499 illis
1315 2430 1507 2527 intelligere,
1540 2431 1646 2499 omnia
1660 2454 1700 2498 eo
1710 2455 1767 2500 or·

455 2524 528 2595 dine
540 2525 701 2622 procedere
715 2553 781 2625 quo
796 2526 950 2597 ubitraurs
962 2525 1090 2598 sueram
1139 2523 1219 2595 Tibi
1231 2528 1333 2623 itaque
1347 2528 1480 2621 gratulor
1492 2546 1554 2596 tam
1569 2523 1765 2595 felicianovae

454 2619 654 2693 Professionis
665 2627 767 2711 initia,
792 2625 963 2723 Deumque
974 2649 1105 2695 veneror
1115 2643 1219 2720 utquo
1231 2621 1352 2719 coepisti
1363 2622 1457 2718 pede,
1479 2620 1519 2691 sic
1530 2619 1647 2717 semper
1661 2621 1764 2692 iredet

455 2726 489 2789 dc
505 2719 668 2790 decurrere.
717 2724 927 2833 Situquoque
938 2721 977 2792 de
994 2721 1085 2792 rebus
1097 2723 1175 2790 meis
1186 2717 1259 2789 scire
1269 2721 1370 2813 cupis;
1392 2721 1497 2790 omnia
1510 2716 1602 2789 tristia
1616 2725 1647 2787 δι
1656 2744 1763 2814 parum

455 2835 540 2912 grata
553 2816 663 2887 audies.
713 2816 785 2885 Post
798 2820 883 2885 unici
895 2823 929 2884 dr
948 2814 1131 2887 disediiffuni
1151 2811 1248 2885 fratris
1263 2814 1410 2900 obitum,
1465 2814 1518 2885 ui'd
1533 2816 1660 2910 amplius
1673 2816 1764 2885 volu·

454 2914 543 3008 ptatir
560 2911 675 3008 sperem
689 2912 722 2978 iu
736 2911 791 2981 hat
804 2911 1001 3006 lacrymarum
1014 2914 1098 2981 valle.
1149 2916 1225 2996 Quo
1240 2913 1417 3007 praeivitille
1475 2913 1583 2982 Deum
1593 2917 1761 2981 Immorta-

454 3014 516 3079 sem
532 3005 618 3077 brevi
632 3003 751 3101 sequar,
777 3011 817 3077 ita
831 3028 908 3103 opto
915 3013 1066 3077 &voveo
1086 3005 1159 3078 Post
1175 3007 1309 3078 sororem
1323 3003 1531 3105 fiatremque,
1561 3006 1668 3077 ambos
1679 3032 1763 3077 anno

454 3104 591 3174 &altero
603 3128 654 3172 me
668 3110 795 3193 majores
808 3124 897 3189 natu,
921 3106 1026 3173 tertius
1039 3102 1231 3190 numerabar,
1255 3106 1311 3199 qui
1320 3109 1382 3193 jain
1395 3101 1462 3173 sum
1475 3106 1600 3198 primur.
1649 3104 1759 3172 Meum

454 3199 499 3273 est
515 3199 616 3294 itaque
627 3196 709 3268 hunc
722 3222 835 3270 nuutrae
847 3197 989 3269 ordinem
1001 3225 1067 3270 non
1080 3197 1228 3283 deserere;
1254 3213 1284 3272 dt
1303 3202 1410 3297 quain
1424 3198 1553 3270 statione
1566 3225 1617 3271 me
1630 3201 1761 3269 colloca·

452 3300 842 3392 vitAEternuslmperator,
857 3295 1085 3385 mandataejus,
1101 3299 1150 3365 vel
1161 3298 1264 3391 potius
1275 3295 1468 3384 missionem,
1490 3298 1612 3392 operiri.
1637 3293 1763 3365 Libenti

445 3397 559 3472 ,urimo
573 3390 713 3461 adveniet
725 3390 887 3462 mihihora
900 3394 950 3461 illa
965 3390 1149 3478 novissima,
1181 3392 1428 3488 quandocunque
1442 3394 1615 3478 advenerit,
1639 3390 1761 3461 homiui

451 3490 592 3562 nondum
599 3488 726 3588 quidem
738 3487 990 3586 quadragenario:
1013 3484 1064 3557 sed
1073 3513 1112 3558 co
1169 3511 1201 3558 te
1210 3508 1311 3560 tamen
1324 3487 1479 3559 imbecillo
1495 3484 1669 3584 suetoque
1695 3489 1762 3558 ani-

452 3611 572 3683 moque
585 3611 691 3681 parum
702 3605 830 3681 vegeto,
852 3587 919 3653 imo
927 3587 1099 3679 languente.
1152 3603 1166 3651 t
1178 3584 1235 3654 nisi
1248 3607 1283 3655 tu
1296 3586 1446 3681 paucique
1458 3585 1561 3655 aliitui
1574 3582 1685 3655 similes
1690 3578 1759 3654 suc-

453 3685 625 3766 curreretis,
641 3681 769 3751 &taedia
780 3706 848 3751 mea
854 3680 1039 3760 monuerit,
1054 3679 1242 3752 verumdico
1249 3733 1260 3767 ,
1283 3676 1461 3751 labascerem
1467 3683 1572 3750 animo
1580 3678 1759 3750 deficerem·

445 3787 513 3875 'que
518 3805 528 3859 3
552 3772 721 3846 forensibus
733 3779 886 3871 negodis,
910 3774 1146 3874 uttelaribusque
1159 3775 1271 3872 quibus
1291 3802 1414 3873 premor
1427 3779 1504 3846 curis
1516 3779 1613 3872 impar
1627 3773 1756 3847 sututtia

450 3880 538 3942 Inter
572 3896 662 3940 autor
675 3875 742 3942 illos
747 3898 878 3942 numero
890 3895 1038 3969 magnum
1050 3875 1138 3943 illum
1151 3873 1302 3944 Heduum
1314 3874 1480 3944 Lentulum
1494 3899 1616 3958 meum,
1640 3875 1696 3970 qui
1705 3898 1758 3943 me

451 3973 532 4041 inter
544 3895 595 4035 lio
607 3988 670 4035 cara
683 3987 784 4062 putat,
829 3994 963 4066 uemque
982 3973 1075 4038 etiam
1091 3965 1207 4038 summe
1222 3968 1364 4063 depereo.
1410 3969 1504 4038 Mitte
1517 3990 1618 4039 autem
1630 3970 1758 4066 quando

449 4063 574 4136 libuerit
584 4087 651 4159 quae
664 4062 701 4132 ad
715 4090 788 4134 eum
804 3995 952 4151 destinas,
976 4089 1012 4133 ea
1034 4062 1158 4160 presens
1174 4059 1309 4160 prasenti
1320 4065 1453 4144 reddam,
1502 4066 1567 4134 Hic
1580 4071 1642 4153 jam
1658 4063 1758 4136 habeo

451 4155 794 4245 multarilliussarcinas,
818 4159 1024 4257 haberemque
1039 4163 1131 4232 etiarn
1150 4185 1252 4229 carum
1264 4162 1460 4247 Dominum,
1485 4159 1543 4230 nisi
1556 4162 1685 4232 levicula
1697 4183 1762 4231 ter-

450 4261 531 4327 tiana
542 4281 614 4326 cum
627 4255 744 4351 aliquot
755 4254 820 4326 dies
839 4277 988 4326 remorata
1002 4253 1080 4326 esset.
1130 4252 1251 4327 Afferet
1263 4252 1366 4327 secum
1381 4253 1469 4326 suum
1475 4255 1512 4326 de
1520 4259 1636 4328 Militia
1642 4259 1762 4327 Rom'a·

449 4378 489 4423 na
511 4353 798 4439 Commentariun,
822 4376 888 4448 quo
909 4353 1136 4425 neotericorum
1153 4354 1297 4425 omnium
1315 4355 1422 4426 crassos
1442 4358 1475 4424 tt
1494 4377 1580 4450 paene
1601 4353 1761 4450 pudendos

1680 4473 1765 4520 erro·
