4067 5425
625 283 1201 368 EPISTOLAE.
1505 315 1574 381 117

627 429 1011 507 EPISTOLA
1060 429 1204 504 CXIV.

334 566 467 668 CL.
575 559 1479 661 SARRAVIUS

767 714 1061 813 ctaurosarmfio.

263 815 793 1056 ᾔωέῗιᾝῒναῐεῶιί,
817 912 855 959 ex
873 883 1010 960 Album
1032 883 1145 958 nobilis
1163 886 1320 987 quondam
1336 888 1489 984 Aquitani
1501 796 1570 959 nbn

373 986 558 1086 inelegante,
580 1010 639 1055 nec
658 987 761 1055 minus
783 1009 852 1055 vera
871 980 1029 1054 sententia
1076 983 1165 1077 Qid
1185 986 1245 1055 hoc
1266 985 1309 1054 rei
1330 981 1399 1069 est,
1423 986 1572 1080 inquies?

261 1080 356 1174 Abiit
372 1080 486 1154 seilicet
502 1083 569 1167 ille,
591 1080 749 1152 dominica
770 1082 911 1176 proxime
928 1083 1100 1176 praeterita,
1131 1079 1171 1152 ad
1185 1083 1295 1153 Deum
1307 1082 1338 1152 le
1435 1081 1573 1151 collium.

260 1176 326 1248 Hic
340 1200 443 1250 autem
457 1177 555 1250 dicere
567 1175 680 1248 solebat
692 1174 812 1247 duobus
823 1175 986 1273 hominum
1001 1173 1164 1273 generibm
1176 1178 1240 1248 vale
1257 1177 1316 1247 elle
1352 1173 1504 1248 itendum.
1526 1177 1573 1246 11-

221 1268 225 1273 ’
260 1274 298 1344 lis
317 1278 429 1370 quiea
452 1275 508 1346 hac
525 1277 587 1343 vita
597 1270 769 1359 discedunt,
795 1275 944 1369 quianon
962 1274 1093 1369 amplius
1108 1297 1161 1343 eos
1176 1275 1210 1344 in
1224 1270 1284 1343 hoc
1297 1268 1405 1342 laculo
1417 1269 1508 1343 vistui
1519 1270 1571 1343 su-

263 1395 349 1441 musr
372 1378 404 1442 δι
429 1373 487 1442 illis
504 1372 560 1468 qui
580 1366 619 1443 ab
633 1365 814 1440 orthodoxia
825 1364 986 1453 deficiunt,
1008 1370 1082 1465 quia
1095 1371 1129 1439 in
1142 1365 1245 1440 fiuturo
1259 1367 1351 1440 nobis
1363 1366 1573 1463 conspiciendi

261 1491 328 1538 non
343 1488 440 1537 enmt
484 1467 577 1538 Cum
589 1463 652 1536 hac
666 1489 782 1561 nupero
797 1463 958 1536 mediatori
970 1466 1004 1535 iu
1017 1491 1054 1535 os
1067 1460 1221 1552 dnffem,
1233 1472 1266 1536 δι
1282 1487 1317 1536 ut
1329 1472 1389 1556 jaun
1402 1462 1464 1535 feci
1475 1467 1575 1564 expli·

259 1559 385 1649 cassem,
408 1559 483 1648 risu,
507 1587 581 1633 vero
601 1586 639 1631 an
662 1558 760 1647 fido,
783 1559 959 1658 respondit3
984 1559 1099 1632 addidit
1121 1558 1209 1633 uest
1231 1557 1341 1634 deluo
1364 1569 1414 1635 sir
1433 1568 1573 1652 penulae

262 1657 391 1729 confilio
406 1657 443 1728 ad
457 1655 580 1730 felicem
591 1660 706 1729 exitum
722 1655 924 1745 deducendo,
947 1654 1089 1728 nondum
1152 1683 1271 1754 perare3
1296 1679 1502 1754 magnamque
1514 1656 1573 1731 fibi

260 1755 340 1825 inter
354 1753 533 1826 Pontificios
546 1754 679 1825 melioris
695 1750 936 1825 liesormationis
947 1752 1052 1824 avidos
1063 1751 1121 1824 elle
1136 1753 1261 1826 messem
1276 1773 1416 1852 paratam.
1448 1751 1573 1840 Sabini,

262 1849 345 1937 dixi,
397 1851 457 1920 uod
478 1855 587 1921 volunt
600 1852 770 1944 somniant3
793 1871 912 1921 mutum
929 1873 1002 1920 cave
1021 1876 1061 1921 ne
1080 1851 1219 1946 proxima
1232 1872 1337 1949 gructa
1349 1847 1573 1922 nobilissmum

262 1967 352 2017 tuum
412 1948 498 2033 inus,
512 1946 600 2045 quod
610 1944 679 2043 post
696 1968 797 2018 totum
808 1945 991 2018 decennium
1006 1949 1040 2017 in
1052 1942 1157 2017 fumos
1171 1945 1261 2034 abiit,
1285 1949 1387 2017 mistus
1393 1943 1574 2017 honorificis

261 2041 382 2128 verbis,
406 2040 476 2114 orbi
495 2041 652 2142 significet.
700 2045 777 2113 Haec
793 2045 879 2115 enim
890 2044 989 2153 prima
1000 2062 1032 2113 te
1046 2066 1150 2114 manet
1165 2046 1210 2114 rei
1225 2042 1351 2114 berre&
1367 2045 1574 2140 praeclarege·
1657 2064 1660 2073 ⁴

262 2134 314 2209 star
327 2137 502 2236 dignissima
516 2164 640 2209 merces.
687 2138 834 2211 laudavit
844 2162 980 2209 amicum
991 2140 1130 2211 animum
1143 2147 1177 2208 &
1189 2135 1368 2211 seceffimus.
1413 2141 1574 2235 Deinceps

145 2311 150 2320 ,
260 2236 355 2332 igltur
373 2238 420 2306 vir
439 2232 712 2306 confidentifflmus
731 2239 766 2306 in
785 2237 935 2306 Romanis
958 2232 1059 2305 castris
1077 2232 1228 2306 militabit
1278 2240 1358 2333 Qae
1374 2232 1420 2306 est
1437 2233 1577 2307 hominis

206 2370 212 2379 ·
266 2340 418 2410 oraturia
431 2331 475 2402 ibi
488 2357 615 2430 quoque
629 2334 734 2402 omnia
747 2330 888 2401 turbabit.
926 2329 986 2403 Sed
999 2327 1122 2429 pollunt
1134 2333 1177 2402 illi
1299 2330 1438 2420 'judicio
1450 2357 1575 2403 errones

262 2424 331 2500 suos
343 2451 490 2500 coercere.
523 2427 602 2498 Vidi
615 2423 872 2523 Disquisrtionem
883 2424 920 2497 de
936 2427 1052 2498 Mutuo
1066 2430 1176 2524 Ampli
1246 2430 1386 2499 oTalaeo
1400 2425 1575 2524 inscriptam

260 2530 295 2596 dc
326 2521 452 2595 millam.
505 2520 715 2593 lnerdraustam
733 2543 984 2620 argumentorum
1007 2524 1128 2619 copiam
1146 2520 1214 2593 sartis
1236 2525 1339 2595 mirati
1356 2548 1422 2595 non
1444 2520 1574 2622 polium.

265 2616 425 2692 Ausucum
437 2644 626 2718 quemquam
638 2614 836 2714 imposterum
851 2615 939 2689 istam
950 2615 1067 2691 causam
1079 2615 1215 2689 adversus
1228 2639 1258 2688 te
1277 2643 1382 2719 agere,
1404 2621 1457 2691 rix
1470 2619 1575 2691 existi-

263 2742 357 2788 mem.
406 2717 501 2786 Certe
514 2717 586 2786 licet
597 2711 821 2827 responsionem
836 2735 941 2786 contra
954 2736 985 2785 te
999 2712 1149 2811 scripturis
1165 2770 1177 2803 ,
1201 2712 1292 2786 liulli
1306 2711 1382 2800 lint,
1407 2719 1577 2803 miniteris,

263 2813 343 2883 nolis
380 2807 459 2882 uaso
474 2807 555 2882 bisce
571 2812 684 2883 diutius
696 2814 860 2883 immorari.
905 2808 1039 2881 Etserio
1053 2813 1212 2910 cogitate,
1238 2837 1276 2882 ex
1292 2836 1358 2908 quo
1369 2808 1437 2882 istie
1451 2810 1578 2898 habitas,

263 2906 342 2980 nihil
358 2837 423 2979 sere
439 2906 497 2988 nist
512 2909 573 2978 alio
585 2908 760 3006 impellente
775 2904 1118 2992 &arrodenteedidiffe3
1140 2908 1576 2980 necMinervammamlolam

265 3002 380 3079 foetum
392 3005 490 3075 ullum
500 3025 616 3100 magno
628 3026 685 3076 tuo
696 3002 821 3075 cerebro
832 3002 962 3101 dignum
974 3001 1127 3100 peperille.
1158 3007 1222 3075 Vel
1239 3007 1386 3075 Primanus
1401 3007 1449 3076 vel
1461 3005 1578 3075 Militia

261 3097 322 3174 sese
341 3100 471 3200 prodant
490 3105 523 3170 δι
534 3096 713 3196 promissum
725 3096 979 3198 concessumque,
1002 3120 1033 3168 at
1046 3124 1113 3170 non
1127 3097 1310 3197 prestitum,
1333 3101 1436 3170 loctun
1450 3099 1577 3170 obtine-

264 3199 323 3270 bis.
369 3203 474 3269 lmmo
495 3221 570 3294 urge
588 3199 757 3267 Primatum
769 3217 881 3285 tuum,
905 3197 962 3293 qui
973 3215 1025 3265 aut
1039 3219 1122 3265 nunc
1136 3216 1189 3265 aut
1201 3220 1361 3295 nunquam
1374 3195 1577 3269 excludendus

271 3292 334 3382 est,
358 3318 476 3391 nupero
489 3289 641 3364 Pontilice
654 3293 765 3362 Roma
775 3287 917 3376 sedente,
928 3314 1067 3388 quocum
1077 3287 1179 3362 nescio
1191 3317 1230 3362 an
1243 3290 1579 3365 sarisbellenobiseon-

269 3394 381 3462 veniat
429 3391 484 3461 Ille
502 3409 582 3459 certe
602 3412 731 3459 corvum
743 3385 848 3458 delusit
860 3387 995 3459 hiantem
1012 3387 1087 3458 dum
1102 3388 1276 3475 Polonum,
1298 3414 1357 3487 pro
1370 3391 1464 3460 altero
1480 3414 1576 3488 quem

267 3485 460 3587 promiserat,
484 3484 680 3556 Cardinalem
699 3485 890 3554 renuntiavit.
937 3484 1042 3555 Secitu
1061 3482 1100 3555 de
1120 3487 1199 3555 meis
1219 3483 1319 3556 verbis
1341 3480 1496 3570 sentiunt,
1521 3487 1577 3580 qui

270 3579 445 3655 existimant
463 3606 514 3652 me
534 3606 551 3650 a
569 3600 599 3650 te
619 3599 739 3651 tantm
759 3580 1131 3676 explicationemGraecae
1147 3578 1284 3677 pluaseos
1305 3578 1485 3676 expedaffe,
1506 3604 1575 3650 non

269 3681 362 3751 etiarn
367 3674 631 3775 sententiae,quam
636 3674 1015 3752 illacontinetiarbitmbar.
1028 3680 1089 3770 tyri
1098 3678 1151 3773 pig
1159 3683 1177 3744 κ’
1186 3672 1295 3767 pirus
1305 3675 1518 3768 pirifindryi
1528 3676 1580 3753 eric

273 3779 397 3850 berriae
412 3771 502 3844 eatis
516 3801 545 3841 or
562 3770 611 3861 aql
623 3772 703 3853 meir
721 3771 855 3860 ἑξηῃπὲν
867 3777 992 3866 ipsium.
1016 3774 1076 3845 Sed
1087 3796 1213 3843 cumres
1225 3799 1244 3843 e
1256 3771 1579 3870 verbisomninopen-

271 3871 384 3958 deust,
403 3872 458 3966 qui
483 3867 719 3965 dehisquaerit,
744 3871 806 3940 illas
817 3865 883 3940 insu
923 3867 1060 3940 rhabere
1074 3866 1212 3939 dieinon
1225 3867 1324 3940 debet
1373 3875 1422 3940 At
1435 3891 1579 3942 verentur

270 3966 433 4063 Theologi
454 3991 495 4035 ne
513 3963 562 4035 sua
580 3962 723 4060 Mysteria
734 3967 784 4037 alii
795 3968 877 4037 reclu
937 3986 958 4035 t
1006 3968 1060 4048 Teg
1077 3990 1151 4036 uero
1165 3990 1263 4063 quem
1274 3964 1353 4036 nilril
1363 3968 1454 4038 latete
1469 3990 1579 4036 omnes

270 4060 421 4149 farciatur,
444 4087 505 4161 ego
526 4082 627 4131 autem
648 4064 706 4133 alta
726 4061 984 4229 missalem
1006 4087 1074 4134 non
1093 4058 1217 4149 desm0,
1240 4064 1403 4159 quomodo
1423 4062 1461 4133 ad
1479 4061 1579 4133 solum
1692 4085 1695 4090 ⁴
1753 4079 1762 4096 ·

269 4158 553 4230 Grammaticomm
566 4155 697 4229 tribunal
710 4184 787 4230 evoe
827 4164 900 4229 em?
924 4158 1024 4231 Iidem
1036 4151 1302 4254 illiparumlauent
1311 4157 1431 4231 Philoso
1451 4157 1509 4230 hie
1517 4182 1580 4227 no-

269 4256 349 4332 uitio
362 4250 545 4342 Professori,
568 4275 663 4351 quem
674 4265 760 4348 ajunt
772 4259 876 4334 minus
889 4280 925 4328 tx
938 4251 1253 4445 artepde3nobiliffima
1263 4250 1388 4329 scientia
1437 4279 1454 4327 e
1471 4249 1584 4434 iffi,
