<?xml version="1.0" encoding="UTF-8"?>
<!DOCTYPE html PUBLIC "-//W3C//DTD XHTML 1.0 Transitional//EN"
    "http://www.w3.org/TR/xhtml1/DTD/xhtml1-transitional.dtd">
<html xmlns="http://www.w3.org/1999/xhtml" xml:lang="en" lang="en">
 <head>
  <title>
</title>
<meta http-equiv="Content-Type" content="text/html;charset=utf-8" />
  <meta name='ocr-system' content='tesseract 3.04.00' />
  <meta name='ocr-capabilities' content='ocr_page ocr_carea ocr_par ocr_line ocrx_word'/>
</head>
<body>
  <div class='ocr_page' id='page_1' title='image "./marquardigudiie00burmgoog_0214.png"; bbox 0 0 4067 5425; ppageno 0'>
   <div class='ocr_carea' id='block_1_1' title="bbox 511 350 1595 450">
    <p class='ocr_par' dir='ltr' id='par_1_1' title="bbox 511 350 1595 450">
     <span class='ocr_line' id='line_1_1' title="bbox 511 350 1595 450; baseline -0.006 -21"><span class='ocrx_word' id='word_1_1' title='bbox 511 352 890 429; x_wconf 77' lang='lat' dir='ltr'>·Vrnortnrr</span> <span class='ocrx_word' id='word_1_2' title='bbox 939 350 1323 439; x_wconf 68' lang='lat' dir='ltr'>Entssoum</span> <span class='ocrx_word' id='word_1_3' title='bbox 1525 374 1595 450; x_wconf 82' lang='lat'>¹77</span> 
     </span>
    </p>
   </div>
   <div class='ocr_carea' id='block_1_2' title="bbox 281 450 1595 763">
    <p class='ocr_par' dir='ltr' id='par_1_2' title="bbox 281 450 1595 763">
     <span class='ocr_line' id='line_1_2' title="bbox 282 450 1593 577; baseline 0 -29"><span class='ocrx_word' id='word_1_4' title='bbox 282 471 437 548; x_wconf 78' lang='lat' dir='ltr'>mnllsbit</span> <span class='ocrx_word' id='word_1_5' title='bbox 448 476 555 550; x_wconf 72' lang='lat' dir='ltr'>barris</span> <span class='ocrx_word' id='word_1_6' title='bbox 568 476 685 551; x_wconf 89' lang='lat' dir='ltr'>decem.</span> <span class='ocrx_word' id='word_1_7' title='bbox 734 478 867 575; x_wconf 78' lang='lat' dir='ltr'>Qodfi</span> <span class='ocrx_word' id='word_1_8' title='bbox 881 503 940 576; x_wconf 90' lang='lat' dir='ltr'>pro</span> <span class='ocrx_word' id='word_1_9' title='bbox 954 498 987 549; x_wconf 88' lang='lat' dir='ltr'>te</span> <span class='ocrx_word' id='word_1_10' title='bbox 999 478 1147 576; x_wconf 80' lang='lat' dir='ltr'>ipsoeum</span> <span class='ocrx_word' id='word_1_11' title='bbox 1159 475 1377 560; x_wconf 82' lang='lat' dir='ltr'>serrarevoles,</span> <span class='ocrx_word' id='word_1_12' title='bbox 1401 450 1480 547; x_wconf 82' lang='lat' dir='ltr'>nrltil</span> <span class='ocrx_word' id='word_1_13' title='bbox 1491 482 1593 577; x_wconf 79' lang='lat' dir='ltr'>exigo.</span> 
     </span>
     <span class='ocr_line' id='line_1_3' title="bbox 288 572 1595 672; baseline -0.001 -27"><span class='ocrx_word' id='word_1_14' title='bbox 288 575 445 645; x_wconf 68' lang='lat' dir='ltr'>Ceterum</span> <span class='ocrx_word' id='word_1_15' title='bbox 459 573 546 672; x_wconf 91' lang='lat' dir='ltr'>quod</span> <span class='ocrx_word' id='word_1_16' title='bbox 563 572 637 647; x_wconf 87' lang='lat' dir='ltr'>scire</span> <span class='ocrx_word' id='word_1_17' title='bbox 650 575 758 671; x_wconf 83' lang='lat' dir='ltr'>cupis,</span> <span class='ocrx_word' id='word_1_18' title='bbox 793 573 903 672; x_wconf 85' lang='lat' dir='ltr'>Philip.</span> <span class='ocrx_word' id='word_1_19' title='bbox 924 572 1236 646; x_wconf 83' lang='lat' dir='ltr'>Melanchthonnihil</span> <span class='ocrx_word' id='word_1_20' title='bbox 1252 576 1286 644; x_wconf 90' lang='lat' dir='ltr'>in</span> <span class='ocrx_word' id='word_1_21' title='bbox 1308 572 1473 645; x_wconf 82' lang='lat' dir='ltr'>Aristotele</span> <span class='ocrx_word' id='word_1_22' title='bbox 1487 580 1595 660; x_wconf 77' lang='lat' dir='ltr'>vertit,</span> 
     </span>
     <span class='ocr_line' id='line_1_4' title="bbox 281 665 1590 763; baseline 0.001 -24"><span class='ocrx_word' id='word_1_23' title='bbox 281 665 339 739; x_wconf 80' lang='lat' dir='ltr'>sed</span> <span class='ocrx_word' id='word_1_24' title='bbox 352 667 524 741; x_wconf 78' lang='lat' dir='ltr'>constanter</span> <span class='ocrx_word' id='word_1_25' title='bbox 534 667 681 757; x_wconf 77' lang='lat' dir='ltr'>asseritur,</span> <span class='ocrx_word' id='word_1_26' title='bbox 702 670 795 763; x_wconf 84' lang='lat' dir='ltr'>Joan.</span> <span class='ocrx_word' id='word_1_27' title='bbox 808 675 980 743; x_wconf 79' lang='lat' dir='ltr'>sturmium</span> <span class='ocrx_word' id='word_1_28' title='bbox 991 678 1025 742; x_wconf 77' lang='lat' dir='ltr'>dt</span> <span class='ocrx_word' id='word_1_29' title='bbox 1038 669 1205 744; x_wconf 81' lang='lat' dir='ltr'>Rhetorica</span> <span class='ocrx_word' id='word_1_30' title='bbox 1218 667 1533 757; x_wconf 80' lang='lat' dir='ltr'>Arillotelisvertisse,</span> <span class='ocrx_word' id='word_1_31' title='bbox 1557 677 1590 740; x_wconf 76' lang='grc' dir='ltr'>δι</span> 
     </span>
    </p>
   </div>
   <div class='ocr_carea' id='block_1_3' title="bbox 285 764 1698 854">
    <p class='ocr_par' dir='ltr' id='par_1_3' title="bbox 285 764 1698 854">
     <span class='ocr_line' id='line_1_5' title="bbox 285 764 1698 854; baseline 0.002 -19"><span class='ocrx_word' id='word_1_32' title='bbox 285 768 348 853; x_wconf 76' lang='lat' dir='ltr'>iam</span> <span class='ocrx_word' id='word_1_33' title='bbox 361 766 396 835; x_wconf 89' lang='lat' dir='ltr'>in</span> <span class='ocrx_word' id='word_1_34' title='bbox 408 764 511 838; x_wconf 77' lang='lat' dir='ltr'>oedem</span> <span class='ocrx_word' id='word_1_35' title='bbox 524 766 661 839; x_wconf 84' lang='lat' dir='ltr'>meditari</span> <span class='ocrx_word' id='word_1_36' title='bbox 674 770 911 839; x_wconf 87' lang='lat' dir='ltr'>commentarios</span> <span class='ocrx_word' id='word_1_37' title='bbox 915 798 926 854; x_wconf 83' lang='lat'><em>3</em></span> <span class='ocrx_word' id='word_1_38' title='bbox 949 770 1000 837; x_wconf 86' lang='lat' dir='ltr'>vix</span> <span class='ocrx_word' id='word_1_39' title='bbox 1012 789 1116 839; x_wconf 81' lang='lat' dir='ltr'>tamen</span> <span class='ocrx_word' id='word_1_40' title='bbox 1128 789 1198 838; x_wconf 81' lang='lat' dir='ltr'>ante</span> <span class='ocrx_word' id='word_1_41' title='bbox 1205 764 1368 837; x_wconf 87' lang='lat' dir='ltr'>biennium</span> <span class='ocrx_word' id='word_1_42' title='bbox 1382 765 1533 837; x_wconf 78' lang='lat' dir='ltr'>absolutos</span> <span class='ocrx_word' id='word_1_43' title='bbox 1539 764 1594 838; x_wconf 87' lang='lat' dir='ltr'>fo·</span> <span class='ocrx_word' id='word_1_44' title='bbox 1694 836 1698 849; x_wconf 27' lang='lat' dir='ltr'>x</span> 
     </span>
    </p>
   </div>
   <div class='ocr_carea' id='block_1_4' title="bbox 282 846 1708 1634">
    <p class='ocr_par' dir='ltr' id='par_1_4' title="bbox 282 846 1708 1634">
     <span class='ocr_line' id='line_1_6' title="bbox 286 846 1594 962; baseline 0.004 -32"><span class='ocrx_word' id='word_1_45' title='bbox 286 884 321 930; x_wconf 91' lang='lat' dir='ltr'>re</span> <span class='ocrx_word' id='word_1_46' title='bbox 332 882 428 959; x_wconf 87' lang='lat' dir='ltr'>puto,</span> <span class='ocrx_word' id='word_1_47' title='bbox 450 860 525 934; x_wconf 76' lang='lat' dir='ltr'>adeo</span> <span class='ocrx_word' id='word_1_48' title='bbox 537 861 583 933; x_wconf 78' lang='lat' dir='ltr'>cli</span> <span class='ocrx_word' id='word_1_49' title='bbox 594 889 723 961; x_wconf 80' lang='lat' dir='ltr'>nugrrus</span> <span class='ocrx_word' id='word_1_50' title='bbox 734 846 856 934; x_wconf 63' lang='lat' dir='ltr'>celator</span> <span class='ocrx_word' id='word_1_51' title='bbox 868 865 1042 935; x_wconf 84' lang='lat' dir='ltr'>Snnmius:</span> <span class='ocrx_word' id='word_1_52' title='bbox 1076 863 1208 961; x_wconf 88' lang='lat' dir='ltr'>&amp;spero</span> <span class='ocrx_word' id='word_1_53' title='bbox 1221 863 1316 960; x_wconf 85' lang='lat' dir='ltr'>longe</span> <span class='ocrx_word' id='word_1_54' title='bbox 1333 865 1416 959; x_wconf 89' lang='lat' dir='ltr'>prius</span> <span class='ocrx_word' id='word_1_55' title='bbox 1431 863 1594 962; x_wconf 76' lang='lat' dir='ltr'>Majoragii</span> 
     </span>
     <span class='ocr_line' id='line_1_7' title="bbox 287 955 1595 1058; baseline 0.003 -31"><span class='ocrx_word' id='word_1_56' title='bbox 287 961 524 1029; x_wconf 81' lang='lat' dir='ltr'>cornmnttarios</span> <span class='ocrx_word' id='word_1_57' title='bbox 538 963 572 1029; x_wconf 90' lang='lat' dir='ltr'>in</span> <span class='ocrx_word' id='word_1_58' title='bbox 593 961 700 1032; x_wconf 85' lang='lat' dir='ltr'>eadem</span> <span class='ocrx_word' id='word_1_59' title='bbox 713 959 865 1033; x_wconf 75' lang='lat' dir='ltr'>absolutos</span> <span class='ocrx_word' id='word_1_60' title='bbox 879 962 940 1046; x_wconf 90' lang='lat' dir='ltr'>iri,</span> <span class='ocrx_word' id='word_1_61' title='bbox 970 961 1096 1058; x_wconf 83' lang='lat' dir='ltr'>quando</span> <span class='ocrx_word' id='word_1_62' title='bbox 1115 967 1148 1031; x_wconf 79' lang='lat' dir='ltr'>dt</span> <span class='ocrx_word' id='word_1_63' title='bbox 1164 978 1282 1029; x_wconf 84' lang='lat' dir='ltr'>textum</span> <span class='ocrx_word' id='word_1_64' title='bbox 1297 955 1505 1030; x_wconf 87' lang='lat' dir='ltr'>rhethoricum</span> <span class='ocrx_word' id='word_1_65' title='bbox 1517 967 1595 1049; x_wconf 77' lang='lat' dir='ltr'>jam-</span> 
     </span>
     <span class='ocr_line' id='line_1_8' title="bbox 286 1052 1593 1147; baseline 0.002 -25"><span class='ocrx_word' id='word_1_66' title='bbox 286 1053 406 1147; x_wconf 83' lang='lat' dir='ltr'>pridem</span> <span class='ocrx_word' id='word_1_67' title='bbox 419 1052 457 1127; x_wconf 79' lang='lat' dir='ltr'>ab</span> <span class='ocrx_word' id='word_1_68' title='bbox 476 1080 516 1125; x_wconf 90' lang='lat' dir='ltr'>eo</span> <span class='ocrx_word' id='word_1_69' title='bbox 531 1057 565 1125; x_wconf 90' lang='lat' dir='ltr'>in</span> <span class='ocrx_word' id='word_1_70' title='bbox 583 1060 730 1130; x_wconf 73' lang='lat' dir='ltr'>Latinum</span> <span class='ocrx_word' id='word_1_71' title='bbox 749 1052 923 1127; x_wconf 89' lang='lat' dir='ltr'>sermonem</span> <span class='ocrx_word' id='word_1_72' title='bbox 946 1055 1125 1127; x_wconf 78' lang='lat' dir='ltr'>conversum</span> <span class='ocrx_word' id='word_1_73' title='bbox 1148 1054 1229 1140; x_wconf 87' lang='lat' dir='ltr'>else,</span> <span class='ocrx_word' id='word_1_74' title='bbox 1258 1061 1293 1127; x_wconf 80' lang='lat' dir='ltr'>dt</span> <span class='ocrx_word' id='word_1_75' title='bbox 1309 1054 1426 1125; x_wconf 84' lang='lat' dir='ltr'>edinrm</span> <span class='ocrx_word' id='word_1_76' title='bbox 1450 1058 1593 1128; x_wconf 82' lang='lat' dir='ltr'>intellexi.</span> 
     </span>
     <span class='ocr_line' id='line_1_9' title="bbox 285 1148 1592 1249; baseline 0.003 -30"><span class='ocrx_word' id='word_1_77' title='bbox 285 1148 426 1239; x_wconf 76' lang='lat' dir='ltr'>Adjunxi</span> <span class='ocrx_word' id='word_1_78' title='bbox 442 1154 580 1241; x_wconf 66' lang='lat' dir='ltr'>oetan,</span> <span class='ocrx_word' id='word_1_79' title='bbox 608 1159 642 1223; x_wconf 72' lang='grc' dir='ltr'><strong>δι</strong></span> <span class='ocrx_word' id='word_1_80' title='bbox 653 1150 800 1226; x_wconf 65' lang='lat' dir='ltr'>fasciculo</span> <span class='ocrx_word' id='word_1_81' title='bbox 818 1179 884 1225; x_wconf 89' lang='lat' dir='ltr'>uno</span> <span class='ocrx_word' id='word_1_82' title='bbox 896 1151 1004 1225; x_wconf 73' lang='lat' dir='ltr'>indust</span> <span class='ocrx_word' id='word_1_83' title='bbox 1023 1153 1175 1249; x_wconf 79' lang='lat' dir='ltr'>exemplar</span> <span class='ocrx_word' id='word_1_84' title='bbox 1187 1152 1423 1247; x_wconf 78' lang='lat' dir='ltr'>manuscriptum</span> <span class='ocrx_word' id='word_1_85' title='bbox 1429 1175 1592 1223; x_wconf 56' lang='lat' dir='ltr'>commen*</span> 
     </span>
     <span class='ocr_line' id='line_1_10' title="bbox 286 1245 1593 1348; baseline 0.005 -33"><span class='ocrx_word' id='word_1_86' title='bbox 286 1248 354 1315; x_wconf 79' lang='lat' dir='ltr'>urii</span> <span class='ocrx_word' id='word_1_87' title='bbox 364 1247 570 1346; x_wconf 71' lang='lat' dir='ltr'>Majoragium</span> <span class='ocrx_word' id='word_1_88' title='bbox 583 1250 618 1319; x_wconf 89' lang='lat' dir='ltr'>in</span> <span class='ocrx_word' id='word_1_89' title='bbox 630 1253 808 1348; x_wconf 75' lang='lat' dir='ltr'>partitiones</span> <span class='ocrx_word' id='word_1_90' title='bbox 820 1302 832 1337; x_wconf 87' lang='lat'>‚</span> <span class='ocrx_word' id='word_1_91' title='bbox 855 1249 941 1347; x_wconf 89' lang='lat' dir='ltr'>quod</span> <span class='ocrx_word' id='word_1_92' title='bbox 954 1269 1111 1346; x_wconf 80' lang='lat' dir='ltr'>tantopere</span> <span class='ocrx_word' id='word_1_93' title='bbox 1122 1245 1312 1319; x_wconf 75' lang='lat' dir='ltr'>desiderabas.</span> <span class='ocrx_word' id='word_1_94' title='bbox 1361 1248 1398 1319; x_wconf 90' lang='lat' dir='ltr'>Id</span> <span class='ocrx_word' id='word_1_95' title='bbox 1410 1271 1485 1316; x_wconf 83' lang='lat' dir='ltr'>vero</span> <span class='ocrx_word' id='word_1_96' title='bbox 1497 1252 1543 1318; x_wconf 92' lang='lat' dir='ltr'>uti</span> <span class='ocrx_word' id='word_1_97' title='bbox 1555 1252 1593 1322; x_wconf 79' lang='lat' dir='ltr'>sd</span> 
     </span>
     <span class='ocr_line' id='line_1_11' title="bbox 282 1341 1708 1444; baseline 0.005 -34"><span class='ocrx_word' id='word_1_98' title='bbox 282 1365 342 1410; x_wconf 84' lang='lat' dir='ltr'>nos</span> <span class='ocrx_word' id='word_1_99' title='bbox 356 1342 460 1442; x_wconf 73' lang='lat' dir='ltr'>aliquo</span> <span class='ocrx_word' id='word_1_100' title='bbox 473 1342 574 1415; x_wconf 77' lang='lat' dir='ltr'>redeat</span> <span class='ocrx_word' id='word_1_101' title='bbox 586 1369 660 1417; x_wconf 88' lang='lat' dir='ltr'>cum</span> <span class='ocrx_word' id='word_1_102' title='bbox 671 1345 816 1430; x_wconf 78' lang='lat' dir='ltr'>foettore,</span> <span class='ocrx_word' id='word_1_103' title='bbox 838 1343 1144 1444; x_wconf 66' lang='lat' dir='ltr'>tuebimuterque..</span> <span class='ocrx_word' id='word_1_104' title='bbox 1172 1341 1323 1415; x_wconf 85' lang='lat' dir='ltr'>Officiose</span> <span class='ocrx_word' id='word_1_105' title='bbox 1337 1363 1438 1414; x_wconf 81' lang='lat' dir='ltr'>autern</span> <span class='ocrx_word' id='word_1_106' title='bbox 1451 1345 1497 1412; x_wconf 93' lang='lat' dir='ltr'>D.</span> <span class='ocrx_word' id='word_1_107' title='bbox 1521 1347 1594 1417; x_wconf 79' lang='lat' dir='ltr'>Mt-</span> <span class='ocrx_word' id='word_1_108' title='bbox 1697 1360 1708 1379; x_wconf 83' lang='lat'><em>¹</em></span> 
     </span>
     <span class='ocr_line' id='line_1_12' title="bbox 283 1436 1589 1539; baseline 0.003 -29"><span class='ocrx_word' id='word_1_109' title='bbox 283 1439 433 1535; x_wconf 77' lang='lat' dir='ltr'>jongium</span> <span class='ocrx_word' id='word_1_110' title='bbox 453 1465 527 1510; x_wconf 89' lang='lat' dir='ltr'>meo</span> <span class='ocrx_word' id='word_1_111' title='bbox 544 1446 674 1513; x_wconf 88' lang='lat' dir='ltr'>nomine</span> <span class='ocrx_word' id='word_1_112' title='bbox 693 1437 855 1529; x_wconf 74' lang='lat' dir='ltr'>salutabis,</span> <span class='ocrx_word' id='word_1_113' title='bbox 879 1445 920 1511; x_wconf 74' lang='grc' dir='ltr'><strong>’δι</strong></span> <span class='ocrx_word' id='word_1_114' title='bbox 937 1440 1024 1539; x_wconf 91' lang='lat' dir='ltr'>quod</span> <span class='ocrx_word' id='word_1_115' title='bbox 1042 1468 1107 1511; x_wconf 89' lang='lat' dir='ltr'>non</span> <span class='ocrx_word' id='word_1_116' title='bbox 1123 1439 1178 1538; x_wconf 83' lang='lat' dir='ltr'>ipss</span> <span class='ocrx_word' id='word_1_117' title='bbox 1200 1464 1326 1537; x_wconf 90' lang='lat' dir='ltr'>quoque</span> <span class='ocrx_word' id='word_1_118' title='bbox 1346 1466 1407 1513; x_wconf 84' lang='lat' dir='ltr'>una</span> <span class='ocrx_word' id='word_1_119' title='bbox 1424 1436 1589 1536; x_wconf 84' lang='lat' dir='ltr'>scripserim</span> 
     </span>
     <span class='ocr_line' id='line_1_13' title="bbox 284 1532 1588 1634; baseline 0.006 -33"><span class='ocrx_word' id='word_1_120' title='bbox 284 1532 453 1621; x_wconf 70' lang='lat' dir='ltr'>excusabis,</span> <span class='ocrx_word' id='word_1_121' title='bbox 476 1532 636 1634; x_wconf 61' lang='lat' dir='ltr'>nubisque</span> <span class='ocrx_word' id='word_1_122' title='bbox 648 1558 683 1608; x_wconf 92' lang='lat' dir='ltr'>ut</span> <span class='ocrx_word' id='word_1_123' title='bbox 695 1545 729 1608; x_wconf 89' lang='lat'>&amp;</span> <span class='ocrx_word' id='word_1_124' title='bbox 745 1533 830 1607; x_wconf 84' lang='lat' dir='ltr'>missa</span> <span class='ocrx_word' id='word_1_125' title='bbox 841 1540 1021 1634; x_wconf 70' lang='lat' dir='ltr'>esemplaeit</span> <span class='ocrx_word' id='word_1_126' title='bbox 1034 1536 1111 1609; x_wconf 90' lang='lat' dir='ltr'>boni</span> <span class='ocrx_word' id='word_1_127' title='bbox 1121 1534 1256 1607; x_wconf 74' lang='lat' dir='ltr'>confidat</span> <span class='ocrx_word' id='word_1_128' title='bbox 1268 1586 1279 1620; x_wconf 91' lang='lat'><strong><em>,</em></strong></span> <span class='ocrx_word' id='word_1_129' title='bbox 1309 1541 1343 1604; x_wconf 88' lang='lat'>&amp;</span> <span class='ocrx_word' id='word_1_130' title='bbox 1358 1536 1397 1606; x_wconf 87' lang='lat' dir='ltr'>de</span> <span class='ocrx_word' id='word_1_131' title='bbox 1405 1557 1515 1607; x_wconf 82' lang='lat' dir='ltr'>caetero</span> <span class='ocrx_word' id='word_1_132' title='bbox 1529 1563 1588 1610; x_wconf 82' lang='lat' dir='ltr'>nos</span> 
     </span>
    </p>
   </div>
   <div class='ocr_carea' id='block_1_5' title="bbox 72 1618 1733 1841">
    <p class='ocr_par' dir='ltr' id='par_1_5' title="bbox 72 1618 1733 1841">
     <span class='ocr_line' id='line_1_14' title="bbox 253 1618 1733 1741; baseline 0.006 -44"><span class='ocrx_word' id='word_1_133' title='bbox 253 1627 479 1736; x_wconf 42' lang='lat' dir='ltr'>&#39;nolit-amque</span> <span class='ocrx_word' id='word_1_134' title='bbox 496 1618 654 1704; x_wconf 81' lang='lat' dir='ltr'>officinam</span> <span class='ocrx_word' id='word_1_135' title='bbox 677 1632 784 1705; x_wconf 76' lang='lat' dir='ltr'>habeut</span> <span class='ocrx_word' id='word_1_136' title='bbox 802 1633 1040 1704; x_wconf 82' lang='lat' dir='ltr'>commendatos</span> <span class='ocrx_word' id='word_1_137' title='bbox 1089 1630 1445 1741; x_wconf 68' lang='lat' dir='ltr'>BibliopoleFrancisco</span> <span class='ocrx_word' id='word_1_138' title='bbox 1467 1636 1591 1705; x_wconf 90' lang='lat' dir='ltr'>Serono</span> <span class='ocrx_word' id='word_1_139' title='bbox 1656 1688 1658 1692; x_wconf 69' lang='lat'><em>.</em></span> <span class='ocrx_word' id='word_1_140' title='bbox 1731 1644 1733 1646; x_wconf 77' lang='grc'>’</span> 
     </span>
     <span class='ocr_line' id='line_1_15' title="bbox 72 1721 1587 1841; baseline 0.006 -49"><span class='ocrx_word' id='word_1_141' title='bbox 72 1822 80 1841; x_wconf 46' lang='lat'><strong>·</strong></span> <span class='ocrx_word' id='word_1_142' title='bbox 168 1738 173 1747; x_wconf 84' lang='grc'><em>’</em></span> <span class='ocrx_word' id='word_1_143' title='bbox 283 1721 416 1795; x_wconf 75' lang='lat' dir='ltr'>libenter</span> <span class='ocrx_word' id='word_1_144' title='bbox 428 1747 484 1795; x_wconf 90' lang='lat' dir='ltr'>tuo</span> <span class='ocrx_word' id='word_1_145' title='bbox 497 1731 628 1799; x_wconf 90' lang='lat' dir='ltr'>nomine</span> <span class='ocrx_word' id='word_1_146' title='bbox 642 1725 905 1827; x_wconf 82' lang='lat' dir='ltr'>sumgrttificatus</span> <span class='ocrx_word' id='word_1_147' title='bbox 917 1781 928 1814; x_wconf 92' lang='lat'><strong>,</strong></span> <span class='ocrx_word' id='word_1_148' title='bbox 958 1734 1127 1801; x_wconf 86' lang='lat' dir='ltr'>&amp;remitto</span> <span class='ocrx_word' id='word_1_149' title='bbox 1142 1729 1293 1800; x_wconf 71' lang='lat' dir='ltr'>scedulam</span> <span class='ocrx_word' id='word_1_150' title='bbox 1307 1728 1471 1799; x_wconf 86' lang='lat' dir='ltr'>literistuis</span> <span class='ocrx_word' id='word_1_151' title='bbox 1487 1732 1587 1801; x_wconf 89' lang='lat' dir='ltr'>inclu-</span> 
     </span>
    </p>
   </div>
   <div class='ocr_carea' id='block_1_6' title="bbox 283 1814 1589 1991">
    <p class='ocr_par' dir='ltr' id='par_1_6' title="bbox 283 1814 1589 1991">
     <span class='ocr_line' id='line_1_16' title="bbox 283 1814 1589 1991; baseline 0.008 -103"><span class='ocrx_word' id='word_1_152' title='bbox 283 1814 365 1907; x_wconf 68' lang='lat' dir='ltr'>ssm,</span> <span class='ocrx_word' id='word_1_153' title='bbox 391 1818 580 1920; x_wconf 81' lang='lat' dir='ltr'>cuiadscripsr</span> <span class='ocrx_word' id='word_1_154' title='bbox 597 1823 947 1991; x_wconf 51' lang='lat' dir='ltr'>preciumsusffislorum</span> <span class='ocrx_word' id='word_1_155' title='bbox 962 1851 1042 1922; x_wconf 88' lang='lat' dir='ltr'>quos</span> <span class='ocrx_word' id='word_1_156' title='bbox 1053 1829 1141 1921; x_wconf 86' lang='lat' dir='ltr'>petiit</span> <span class='ocrx_word' id='word_1_157' title='bbox 1150 1823 1309 1897; x_wconf 82' lang='lat' dir='ltr'>librorum.</span> <span class='ocrx_word' id='word_1_158' title='bbox 1341 1823 1440 1893; x_wconf 85' lang='lat' dir='ltr'>Sed&amp;</span> <span class='ocrx_word' id='word_1_159' title='bbox 1455 1824 1589 1898; x_wconf 88' lang='lat' dir='ltr'>indicem</span> 
     </span>
     <span class='ocr_line' id='line_1_17' title="bbox 816 1944 914 1991; baseline 0 0"><span class='ocrx_word' id='word_1_160' title='bbox 816 1944 861 1991; x_wconf 90' lang='lat' dir='ltr'>rte</span> <span class='ocrx_word' id='word_1_161' title='bbox 873 1944 914 1991; x_wconf 87' lang='lat' dir='ltr'>etr</span> 
     </span>
    </p>
   </div>
   <div class='ocr_carea' id='block_1_7' title="bbox 282 1920 1645 2226">
    <p class='ocr_par' dir='ltr' id='par_1_7' title="bbox 282 1920 1645 2226">
     <span class='ocr_line' id='line_1_18' title="bbox 283 1920 1586 2020; baseline 0.006 -35"><span class='ocrx_word' id='word_1_162' title='bbox 283 1940 429 1987; x_wconf 88' lang='lat' dir='ltr'>meorum</span> <span class='ocrx_word' id='word_1_163' title='bbox 442 1942 503 1987; x_wconf 77' lang='lat' dir='ltr'>una</span> <span class='ocrx_word' id='word_1_164' title='bbox 514 1923 623 2007; x_wconf 78' lang='lat' dir='ltr'>ntimo,</span> <span class='ocrx_word' id='word_1_165' title='bbox 646 1920 766 2020; x_wconf 76' lang='lat' dir='ltr'>siquos</span> <span class='ocrx_word' id='word_1_166' title='bbox 916 1948 967 1993; x_wconf 83' lang='lat' dir='ltr'>am</span> <span class='ocrx_word' id='word_1_167' title='bbox 978 1922 1018 1993; x_wconf 86' lang='lat' dir='ltr'>de</span> <span class='ocrx_word' id='word_1_168' title='bbox 1031 1920 1140 1993; x_wconf 86' lang='lat' dir='ltr'>nostris</span> <span class='ocrx_word' id='word_1_169' title='bbox 1153 1941 1292 2018; x_wconf 85' lang='lat' dir='ltr'>peteret:</span> <span class='ocrx_word' id='word_1_170' title='bbox 1321 1922 1455 1990; x_wconf 79' lang='lat' dir='ltr'>nunsix</span> <span class='ocrx_word' id='word_1_171' title='bbox 1470 1921 1529 1990; x_wconf 84' lang='lat' dir='ltr'>alio</span> <span class='ocrx_word' id='word_1_172' title='bbox 1553 1926 1586 1993; x_wconf 90' lang='lat' dir='ltr'>ui</span> 
     </span>
     <span class='ocr_line' id='line_1_19' title="bbox 285 1948 1645 2104; baseline 0.006 -22"><span class='ocrx_word' id='word_1_173' title='bbox 285 2008 394 2083; x_wconf 65' lang='lat' dir='ltr'>nostm</span> <span class='ocrx_word' id='word_1_174' title='bbox 407 2013 551 2087; x_wconf 76' lang='lat' dir='ltr'>editionis</span> <span class='ocrx_word' id='word_1_175' title='bbox 562 2016 672 2103; x_wconf 89' lang='lat' dir='ltr'>libros,</span> <span class='ocrx_word' id='word_1_176' title='bbox 696 2016 833 2088; x_wconf 78' lang='lat' dir='ltr'>selnolse</span> <span class='ocrx_word' id='word_1_177' title='bbox 845 2017 983 2104; x_wconf 85' lang='lat' dir='ltr'>videtur,</span> <span class='ocrx_word' id='word_1_178' title='bbox 1005 2018 1056 2087; x_wconf 86' lang='lat' dir='ltr'>vel</span> <span class='ocrx_word' id='word_1_179' title='bbox 1090 2043 1127 2087; x_wconf 85' lang='lat' dir='ltr'>ro</span> <span class='ocrx_word' id='word_1_180' title='bbox 1140 2020 1203 2089; x_wconf 88' lang='lat' dir='ltr'>aliis</span> <span class='ocrx_word' id='word_1_181' title='bbox 1216 2042 1328 2087; x_wconf 83' lang='lat' dir='ltr'>curare.</span> <span class='ocrx_word' id='word_1_182' title='bbox 1376 2015 1475 2103; x_wconf 90' lang='lat' dir='ltr'>Quod</span> <span class='ocrx_word' id='word_1_183' title='bbox 1490 1948 1590 2090; x_wconf 80' lang='lat' dir='ltr'>nulius</span> <span class='ocrx_word' id='word_1_184' title='bbox 1642 2031 1645 2036; x_wconf 82' lang='grc'><strong>“</strong></span> 
     </span>
     <span class='ocr_line' id='line_1_20' title="bbox 282 2044 1590 2226; baseline 0.003 -47"><span class='ocrx_word' id='word_1_185' title='bbox 282 2108 365 2205; x_wconf 69' lang='lat' dir='ltr'>apud</span> <span class='ocrx_word' id='word_1_186' title='bbox 379 2135 435 2181; x_wconf 88' lang='lat' dir='ltr'>vos</span> <span class='ocrx_word' id='word_1_187' title='bbox 449 2115 612 2207; x_wconf 84' lang='lat' dir='ltr'>reperitur,</span> <span class='ocrx_word' id='word_1_188' title='bbox 636 2115 691 2211; x_wconf 92' lang='lat' dir='ltr'>qui</span> <span class='ocrx_word' id='word_1_189' title='bbox 705 2114 754 2226; x_wconf 75' lang='lat' dir='ltr'>vel</span> <span class='ocrx_word' id='word_1_190' title='bbox 767 2115 897 2210; x_wconf 85' lang='lat' dir='ltr'>experiri</span> <span class='ocrx_word' id='word_1_191' title='bbox 912 2111 1006 2184; x_wconf 86' lang='lat' dir='ltr'>fidem</span> <span class='ocrx_word' id='word_1_192' title='bbox 1020 2044 1168 2199; x_wconf 64' lang='lat' dir='ltr'>nolimu,</span> <span class='ocrx_word' id='word_1_193' title='bbox 1192 2109 1387 2183; x_wconf 86' lang='lat' dir='ltr'>autconserre</span> <span class='ocrx_word' id='word_1_194' title='bbox 1399 2109 1515 2209; x_wconf 86' lang='lat' dir='ltr'>aliquid</span> <span class='ocrx_word' id='word_1_195' title='bbox 1520 2117 1590 2211; x_wconf 67' lang='lat' dir='ltr'>oph</span> 
     </span>
    </p>
   </div>
   <div class='ocr_carea' id='block_1_8' title="bbox 222 2203 1587 2307">
    <p class='ocr_par' dir='ltr' id='par_1_8' title="bbox 222 2203 1587 2307">
     <span class='ocr_line' id='line_1_21' title="bbox 222 2203 1587 2307; baseline 0.005 -35"><span class='ocrx_word' id='word_1_196' title='bbox 222 2208 228 2213; x_wconf 83' lang='lat'>&#39;</span> <span class='ocrx_word' id='word_1_197' title='bbox 284 2206 359 2275; x_wconf 75' lang='lat' dir='ltr'>velit</span> <span class='ocrx_word' id='word_1_198' title='bbox 364 2203 408 2283; x_wconf 70' lang='lat' dir='ltr'>,ad</span> <span class='ocrx_word' id='word_1_199' title='bbox 423 2204 570 2280; x_wconf 79' lang='lat' dir='ltr'>edendam</span> <span class='ocrx_word' id='word_1_200' title='bbox 584 2210 697 2281; x_wconf 84' lang='lat' dir='ltr'>Arluni</span> <span class='ocrx_word' id='word_1_201' title='bbox 710 2207 886 2293; x_wconf 66' lang='lat' dir='ltr'>histriam,</span> <span class='ocrx_word' id='word_1_202' title='bbox 910 2232 978 2281; x_wconf 84' lang='lat' dir='ltr'>non</span> <span class='ocrx_word' id='word_1_203' title='bbox 991 2208 1111 2305; x_wconf 89' lang='lat' dir='ltr'>possum</span> <span class='ocrx_word' id='word_1_204' title='bbox 1123 2208 1268 2307; x_wconf 87' lang='lat' dir='ltr'>equidem</span> <span class='ocrx_word' id='word_1_205' title='bbox 1275 2211 1378 2281; x_wconf 82' lang='lat' dir='ltr'>mirari</span> <span class='ocrx_word' id='word_1_206' title='bbox 1388 2205 1467 2278; x_wconf 79' lang='lat' dir='ltr'>satist</span> <span class='ocrx_word' id='word_1_207' title='bbox 1490 2215 1587 2279; x_wconf 84' lang='lat' dir='ltr'>&amp;ve-</span> 
     </span>
    </p>
   </div>
   <div class='ocr_carea' id='block_1_9' title="bbox 139 2298 1587 2416">
    <p class='ocr_par' dir='ltr' id='par_1_9' title="bbox 139 2298 1587 2416">
     <span class='ocr_line' id='line_1_22' title="bbox 139 2298 1587 2416; baseline -0.001 -39"><span class='ocrx_word' id='word_1_208' title='bbox 139 2368 144 2377; x_wconf 83' lang='grc'><em>.</em></span> <span class='ocrx_word' id='word_1_209' title='bbox 280 2298 442 2373; x_wconf 63' lang='lat' dir='ltr'>lensenses</span> <span class='ocrx_word' id='word_1_210' title='bbox 453 2302 546 2375; x_wconf 83' lang='lat' dir='ltr'>doleo</span> <span class='ocrx_word' id='word_1_211' title='bbox 556 2309 710 2402; x_wconf 80' lang='lat' dir='ltr'>inceptam</span> <span class='ocrx_word' id='word_1_212' title='bbox 722 2302 799 2392; x_wconf 85' lang='lat' dir='ltr'>eise,</span> <span class='ocrx_word' id='word_1_213' title='bbox 821 2304 881 2375; x_wconf 92' lang='lat' dir='ltr'>hoc</span> <span class='ocrx_word' id='word_1_214' title='bbox 895 2302 1056 2400; x_wconf 67' lang='lat' dir='ltr'>presertim</span> <span class='ocrx_word' id='word_1_215' title='bbox 1068 2326 1205 2401; x_wconf 88' lang='lat' dir='ltr'>tempore</span> <span class='ocrx_word' id='word_1_216' title='bbox 1220 2331 1285 2416; x_wconf 78' lang='lat' dir='ltr'>qno</span> <span class='ocrx_word' id='word_1_217' title='bbox 1298 2306 1339 2375; x_wconf 82' lang='lat' dir='ltr'>ita</span> <span class='ocrx_word' id='word_1_218' title='bbox 1350 2299 1420 2375; x_wconf 85' lang='lat' dir='ltr'>sunt</span> <span class='ocrx_word' id='word_1_219' title='bbox 1428 2304 1587 2376; x_wconf 75' lang='lat' dir='ltr'>resnolhae</span> 
     </span>
    </p>
   </div>
   <div class='ocr_carea' id='block_1_10' title="bbox 280 2393 1679 3750">
    <p class='ocr_par' dir='ltr' id='par_1_10' title="bbox 280 2393 1679 3759">
     <span class='ocr_line' id='line_1_23' title="bbox 281 2393 1587 2499; baseline 0.006 -32"><span class='ocrx_word' id='word_1_220' title='bbox 281 2393 406 2486; x_wconf 75' lang='lat' dir='ltr'>accisis,</span> <span class='ocrx_word' id='word_1_221' title='bbox 425 2421 549 2497; x_wconf 86' lang='lat' dir='ltr'>propter</span> <span class='ocrx_word' id='word_1_222' title='bbox 564 2404 811 2498; x_wconf 79' lang='lat' dir='ltr'>interceptssjtm</span> <span class='ocrx_word' id='word_1_223' title='bbox 830 2398 922 2472; x_wconf 88' lang='lat' dir='ltr'>semel</span> <span class='ocrx_word' id='word_1_224' title='bbox 933 2423 1025 2499; x_wconf 84' lang='lat' dir='ltr'>atque</span> <span class='ocrx_word' id='word_1_225' title='bbox 1045 2407 1157 2472; x_wconf 88' lang='lat' dir='ltr'>iterum</span> <span class='ocrx_word' id='word_1_226' title='bbox 1172 2402 1342 2486; x_wconf 73' lang='lat' dir='ltr'>nundum,</span> <span class='ocrx_word' id='word_1_227' title='bbox 1374 2421 1409 2471; x_wconf 89' lang='lat' dir='ltr'>ut</span> <span class='ocrx_word' id='word_1_228' title='bbox 1428 2425 1587 2499; x_wconf 82' lang='lat' dir='ltr'>nunquam</span> 
     </span>
     <span class='ocr_line' id='line_1_24' title="bbox 282 2491 1587 2596; baseline 0.002 -32"><span class='ocrx_word' id='word_1_229' title='bbox 282 2492 407 2564; x_wconf 78' lang='lat' dir='ltr'>antelnc</span> <span class='ocrx_word' id='word_1_230' title='bbox 423 2500 521 2592; x_wconf 78' lang='lat' dir='ltr'>magis</span> <span class='ocrx_word' id='word_1_231' title='bbox 534 2525 543 2566; x_wconf 77' lang='grc' dir='ltr'>ι</span> <span class='ocrx_word' id='word_1_232' title='bbox 573 2501 691 2596; x_wconf 78' lang='lat' dir='ltr'>alioqui</span> <span class='ocrx_word' id='word_1_233' title='bbox 702 2500 797 2593; x_wconf 87' lang='lat' dir='ltr'>longe</span> <span class='ocrx_word' id='word_1_234' title='bbox 810 2491 928 2566; x_wconf 80' lang='lat' dir='ltr'>facilius</span> <span class='ocrx_word' id='word_1_235' title='bbox 941 2524 1008 2569; x_wconf 82' lang='lat' dir='ltr'>eam</span> <span class='ocrx_word' id='word_1_236' title='bbox 1021 2498 1127 2571; x_wconf 86' lang='lat' dir='ltr'>advos</span> <span class='ocrx_word' id='word_1_237' title='bbox 1138 2500 1325 2568; x_wconf 84' lang='lat' dir='ltr'>remitterem</span> <span class='ocrx_word' id='word_1_238' title='bbox 1340 2549 1351 2582; x_wconf 90' lang='lat'>,</span> <span class='ocrx_word' id='word_1_239' title='bbox 1374 2520 1471 2593; x_wconf 65' lang='lat' dir='ltr'>quam¹</span> <span class='ocrx_word' id='word_1_240' title='bbox 1482 2518 1518 2568; x_wconf 89' lang='lat' dir='ltr'>ut</span> <span class='ocrx_word' id='word_1_241' title='bbox 1531 2497 1587 2567; x_wconf 81' lang='lat' dir='ltr'>ab·</span> 
     </span>
     <span class='ocr_line' id='line_1_25' title="bbox 283 2587 1585 2693; baseline 0.004 -34"><span class='ocrx_word' id='word_1_242' title='bbox 283 2587 397 2662; x_wconf 85' lang='lat' dir='ltr'>solvere</span> <span class='ocrx_word' id='word_1_243' title='bbox 410 2614 466 2662; x_wconf 78' lang='lat' dir='ltr'>aere</span> <span class='ocrx_word' id='word_1_244' title='bbox 478 2619 569 2681; x_wconf 83' lang='lat' dir='ltr'>meo,</span> <span class='ocrx_word' id='word_1_245' title='bbox 592 2594 678 2693; x_wconf 91' lang='lat' dir='ltr'>quod</span> <span class='ocrx_word' id='word_1_246' title='bbox 691 2590 935 2666; x_wconf 76' lang='lat' dir='ltr'>nultus-seresii</span> <span class='ocrx_word' id='word_1_247' title='bbox 949 2616 999 2664; x_wconf 85' lang='lat' dir='ltr'>aut</span> <span class='ocrx_word' id='word_1_248' title='bbox 1015 2596 1231 2692; x_wconf 81' lang='lat' dir='ltr'>perexiguum,</span> <span class='ocrx_word' id='word_1_249' title='bbox 1252 2594 1285 2662; x_wconf 87' lang='lat' dir='ltr'>in</span> <span class='ocrx_word' id='word_1_250' title='bbox 1299 2589 1451 2688; x_wconf 69' lang='lat' dir='ltr'>presentia</span> <span class='ocrx_word' id='word_1_251' title='bbox 1463 2592 1585 2690; x_wconf 85' lang='lat' dir='ltr'>poffim.</span> 
     </span>
     <span class='ocr_line' id='line_1_26' title="bbox 285 2685 1588 2787; baseline 0.005 -30"><span class='ocrx_word' id='word_1_252' title='bbox 285 2687 381 2764; x_wconf 86' lang='lat' dir='ltr'>Certe</span> <span class='ocrx_word' id='word_1_253' title='bbox 394 2688 441 2757; x_wconf 91' lang='lat' dir='ltr'>D.</span> <span class='ocrx_word' id='word_1_254' title='bbox 455 2685 646 2762; x_wconf 79' lang='lat' dir='ltr'>Ascanius&amp;</span> <span class='ocrx_word' id='word_1_255' title='bbox 662 2696 692 2763; x_wconf 81' lang='grc' dir='ltr'>Α</span> <span class='ocrx_word' id='word_1_256' title='bbox 738 2694 821 2779; x_wconf 87' lang='lat' dir='ltr'>elus,</span> <span class='ocrx_word' id='word_1_257' title='bbox 844 2688 896 2761; x_wconf 92' lang='lat' dir='ltr'>sed</span> <span class='ocrx_word' id='word_1_258' title='bbox 908 2691 1048 2787; x_wconf 89' lang='lat' dir='ltr'>inprimis</span> <span class='ocrx_word' id='word_1_259' title='bbox 1063 2688 1229 2774; x_wconf 83' lang='lat' dir='ltr'>Ascanius,</span> <span class='ocrx_word' id='word_1_260' title='bbox 1242 2690 1344 2759; x_wconf 85' lang='lat' dir='ltr'>Ducis</span> <span class='ocrx_word' id='word_1_261' title='bbox 1352 2687 1588 2764; x_wconf 78' lang='lat' dir='ltr'>Mediolanensts</span> 
     </span>
     <span class='ocr_line' id='line_1_27' title="bbox 283 2783 1585 2884; baseline 0.004 -31"><span class='ocrx_word' id='word_1_262' title='bbox 283 2783 365 2879; x_wconf 78' lang='lat' dir='ltr'>apud</span> <span class='ocrx_word' id='word_1_263' title='bbox 379 2784 541 2856; x_wconf 81' lang='lat' dir='ltr'>Helvetios</span> <span class='ocrx_word' id='word_1_264' title='bbox 554 2789 686 2884; x_wconf 82' lang='lat' dir='ltr'>legatus,</span> <span class='ocrx_word' id='word_1_265' title='bbox 730 2815 748 2860; x_wconf 85' lang='lat' dir='ltr'>e</span> <span class='ocrx_word' id='word_1_266' title='bbox 760 2814 799 2859; x_wconf 91' lang='lat' dir='ltr'>eo</span> <span class='ocrx_word' id='word_1_267' title='bbox 811 2784 1202 2884; x_wconf 77' lang='lat' dir='ltr'>adrnoniursperquendam</span> <span class='ocrx_word' id='word_1_268' title='bbox 1208 2789 1341 2856; x_wconf 84' lang='lat' dir='ltr'>amictnn</span> <span class='ocrx_word' id='word_1_269' title='bbox 1353 2809 1456 2856; x_wconf 90' lang='lat' dir='ltr'>meum</span> <span class='ocrx_word' id='word_1_270' title='bbox 1464 2786 1585 2875; x_wconf 80' lang='lat' dir='ltr'>Italum,</span> 
     </span>
     <span class='ocr_line' id='line_1_28' title="bbox 280 2875 1585 2977; baseline 0.002 -27"><span class='ocrx_word' id='word_1_271' title='bbox 280 2881 439 2976; x_wconf 86' lang='lat' dir='ltr'>pollicitus</span> <span class='ocrx_word' id='word_1_272' title='bbox 451 2879 496 2951; x_wconf 85' lang='lat' dir='ltr'>est</span> <span class='ocrx_word' id='word_1_273' title='bbox 509 2877 538 2952; x_wconf 88' lang='lat' dir='ltr'>se</span> <span class='ocrx_word' id='word_1_274' title='bbox 550 2905 738 2970; x_wconf 80' lang='lat' dir='ltr'>curaturum,</span> <span class='ocrx_word' id='word_1_275' title='bbox 762 2905 797 2955; x_wconf 92' lang='lat' dir='ltr'>ut</span> <span class='ocrx_word' id='word_1_276' title='bbox 808 2887 1016 2955; x_wconf 82' lang='lat' dir='ltr'>roocorontti</span> <span class='ocrx_word' id='word_1_277' title='bbox 1027 2883 1117 2954; x_wconf 87' lang='lat' dir='ltr'>nobis</span> <span class='ocrx_word' id='word_1_278' title='bbox 1130 2885 1339 2967; x_wconf 85' lang='lat' dir='ltr'>mitterentur,</span> <span class='ocrx_word' id='word_1_279' title='bbox 1362 2904 1427 2977; x_wconf 86' lang='lat' dir='ltr'>quo</span> <span class='ocrx_word' id='word_1_280' title='bbox 1432 2875 1585 2953; x_wconf 82' lang='lat' dir='ltr'>absolvere</span> 
     </span>
     <span class='ocr_line' id='line_1_29' title="bbox 282 2975 1585 3078; baseline 0.001 -31"><span class='ocrx_word' id='word_1_281' title='bbox 282 3000 417 3073; x_wconf 72' lang='lat' dir='ltr'>emptam</span> <span class='ocrx_word' id='word_1_282' title='bbox 429 2984 490 3068; x_wconf 76' lang='lat' dir='ltr'>jam</span> <span class='ocrx_word' id='word_1_283' title='bbox 503 2975 658 3053; x_wconf 70' lang='lat' dir='ltr'>historiam</span> <span class='ocrx_word' id='word_1_284' title='bbox 673 2979 798 3078; x_wconf 79' lang='lat' dir='ltr'>possem.</span> <span class='ocrx_word' id='word_1_285' title='bbox 845 2987 892 3052; x_wconf 80' lang='lat' dir='ltr'>lta</span> <span class='ocrx_word' id='word_1_286' title='bbox 915 3004 953 3050; x_wconf 84' lang='lat' dir='ltr'>ue</span> <span class='ocrx_word' id='word_1_287' title='bbox 966 2976 989 3049; x_wconf 85' lang='lat' dir='ltr'>fi</span> <span class='ocrx_word' id='word_1_288' title='bbox 1000 2977 1082 3050; x_wconf 87' lang='lat' dir='ltr'>forte</span> <span class='ocrx_word' id='word_1_289' title='bbox 1096 2979 1266 3050; x_wconf 75' lang='lat' dir='ltr'>Mediolani</span> <span class='ocrx_word' id='word_1_290' title='bbox 1272 3002 1345 3048; x_wconf 87' lang='lat' dir='ltr'>eum</span> <span class='ocrx_word' id='word_1_291' title='bbox 1352 2978 1496 3073; x_wconf 86' lang='lat' dir='ltr'>reperies,</span> <span class='ocrx_word' id='word_1_292' title='bbox 1512 3002 1585 3048; x_wconf 86' lang='lat' dir='ltr'>mco</span> 
     </span>
     <span class='ocr_line' id='line_1_30' title="bbox 282 3005 1586 3173; baseline 0.002 -30"><span class='ocrx_word' id='word_1_293' title='bbox 282 3074 411 3143; x_wconf 91' lang='lat' dir='ltr'>nomine</span> <span class='ocrx_word' id='word_1_294' title='bbox 426 3073 527 3170; x_wconf 76' lang='lat' dir='ltr'>quaeso</span> <span class='ocrx_word' id='word_1_295' title='bbox 539 3074 696 3148; x_wconf 81' lang='lat' dir='ltr'>admoneri</span> <span class='ocrx_word' id='word_1_296' title='bbox 708 3104 781 3149; x_wconf 87' lang='lat' dir='ltr'>eum</span> <span class='ocrx_word' id='word_1_297' title='bbox 796 3005 934 3173; x_wconf 69' lang='lat' dir='ltr'>promisit</span> <span class='ocrx_word' id='word_1_298' title='bbox 948 3071 1035 3165; x_wconf 79' lang='lat' dir='ltr'>hujus</span> <span class='ocrx_word' id='word_1_299' title='bbox 1044 3100 1137 3146; x_wconf 79' lang='lat' dir='ltr'>cures.</span> <span class='ocrx_word' id='word_1_300' title='bbox 1166 3077 1294 3146; x_wconf 89' lang='lat' dir='ltr'>Interim</span> <span class='ocrx_word' id='word_1_301' title='bbox 1300 3097 1360 3169; x_wconf 86' lang='lat' dir='ltr'>ego</span> <span class='ocrx_word' id='word_1_302' title='bbox 1375 3075 1586 3169; x_wconf 83' lang='lat' dir='ltr'>opperiarme-</span> 
     </span>
     <span class='ocr_line' id='line_1_31' title="bbox 281 3167 1583 3267; baseline 0.005 -30"><span class='ocrx_word' id='word_1_303' title='bbox 281 3170 390 3240; x_wconf 89' lang='lat' dir='ltr'>liorem</span> <span class='ocrx_word' id='word_1_304' title='bbox 401 3168 576 3260; x_wconf 69' lang='lat' dir='ltr'>somnam,</span> <span class='ocrx_word' id='word_1_305' title='bbox 622 3175 721 3244; x_wconf 77' lang='lat' dir='ltr'>nevel</span> <span class='ocrx_word' id='word_1_306' title='bbox 734 3174 928 3261; x_wconf 87' lang='lat' dir='ltr'>mediocriter</span> <span class='ocrx_word' id='word_1_307' title='bbox 938 3167 1100 3266; x_wconf 71' lang='lat' dir='ltr'>sspirnste,</span> <span class='ocrx_word' id='word_1_308' title='bbox 1132 3170 1353 3254; x_wconf 70' lang='lat' dir='ltr'>nomenato,</span> <span class='ocrx_word' id='word_1_309' title='bbox 1387 3170 1464 3267; x_wconf 91' lang='lat' dir='ltr'>quin</span> <span class='ocrx_word' id='word_1_310' title='bbox 1476 3195 1583 3243; x_wconf 87' lang='lat' dir='ltr'>meum</span> 
     </span>
     <span class='ocr_line' id='line_1_32' title="bbox 281 3199 1583 3367; baseline 0.001 -31"><span class='ocrx_word' id='word_1_311' title='bbox 281 3264 419 3338; x_wconf 80' lang='lat' dir='ltr'>officiunt</span> <span class='ocrx_word' id='word_1_312' title='bbox 433 3266 555 3339; x_wconf 83' lang='lat' dir='ltr'>strenue</span> <span class='ocrx_word' id='word_1_313' title='bbox 568 3199 719 3367; x_wconf 73' lang='lat' dir='ltr'>exsequar.</span> <span class='ocrx_word' id='word_1_314' title='bbox 766 3272 821 3340; x_wconf 90' lang='lat' dir='ltr'>De</span> <span class='ocrx_word' id='word_1_315' title='bbox 832 3265 922 3338; x_wconf 89' lang='lat' dir='ltr'>rebus</span> <span class='ocrx_word' id='word_1_316' title='bbox 931 3268 1040 3337; x_wconf 76' lang='lat' dir='ltr'>Italicis</span> <span class='ocrx_word' id='word_1_317' title='bbox 1052 3266 1138 3338; x_wconf 77' lang='lat' dir='ltr'>valde</span> <span class='ocrx_word' id='word_1_318' title='bbox 1151 3266 1224 3339; x_wconf 87' lang='lat' dir='ltr'>scire</span> <span class='ocrx_word' id='word_1_319' title='bbox 1237 3290 1396 3363; x_wconf 84' lang='lat' dir='ltr'>cuperem,</span> <span class='ocrx_word' id='word_1_320' title='bbox 1420 3267 1583 3362; x_wconf 88' lang='lat' dir='ltr'>quomodo</span> 
     </span>
     <span class='ocr_line' id='line_1_33' title="bbox 284 3359 1584 3458; baseline -0.001 -24"><span class='ocrx_word' id='word_1_321' title='bbox 284 3359 437 3436; x_wconf 78' lang='lat' dir='ltr'>haberent</span> <span class='ocrx_word' id='word_1_322' title='bbox 485 3363 663 3436; x_wconf 79' lang='lat' dir='ltr'>Germaniae</span> <span class='ocrx_word' id='word_1_323' title='bbox 678 3387 757 3436; x_wconf 88' lang='lat' dir='ltr'>certe</span> <span class='ocrx_word' id='word_1_324' title='bbox 771 3362 891 3436; x_wconf 76' lang='lat' dir='ltr'>insunt</span> <span class='ocrx_word' id='word_1_325' title='bbox 1026 3385 1100 3452; x_wconf 68' lang='grc' dir='ltr'><strong>ια,</strong></span> <span class='ocrx_word' id='word_1_326' title='bbox 1131 3385 1167 3434; x_wconf 89' lang='grc' dir='ltr'>ιιι</span> <span class='ocrx_word' id='word_1_327' title='bbox 1180 3364 1218 3435; x_wconf 92' lang='lat' dir='ltr'>de</span> <span class='ocrx_word' id='word_1_328' title='bbox 1233 3361 1432 3458; x_wconf 80' lang='lat' dir='ltr'>recuperanda</span> <span class='ocrx_word' id='word_1_329' title='bbox 1444 3363 1486 3431; x_wconf 80' lang='lat' dir='ltr'>irs</span> <span class='ocrx_word' id='word_1_330' title='bbox 1498 3362 1584 3433; x_wconf 82' lang='lat' dir='ltr'>brevi</span> 
     </span>
     <span class='ocr_line' id='line_1_34' title="bbox 283 3456 1582 3559; baseline -0.001 -31"><span class='ocrx_word' id='word_1_331' title='bbox 283 3457 404 3554; x_wconf 79' lang='lat' dir='ltr'>publica</span> <span class='ocrx_word' id='word_1_332' title='bbox 420 3463 636 3558; x_wconf 78' lang='lat' dir='ltr'>tranquillitate</span> <span class='ocrx_word' id='word_1_333' title='bbox 656 3461 834 3559; x_wconf 76' lang='lat' dir='ltr'>jampridem</span> <span class='ocrx_word' id='word_1_334' title='bbox 853 3460 891 3532; x_wconf 88' lang='lat' dir='ltr'>de</span> <span class='ocrx_word' id='word_1_335' title='bbox 904 3463 1080 3557; x_wconf 83' lang='lat' dir='ltr'>pcraverim.</span> <span class='ocrx_word' id='word_1_336' title='bbox 1119 3460 1219 3532; x_wconf 73' lang='lat' dir='ltr'>Valde</span> <span class='ocrx_word' id='word_1_337' title='bbox 1241 3461 1336 3528; x_wconf 91' lang='lat' dir='ltr'>miror</span> <span class='ocrx_word' id='word_1_338' title='bbox 1354 3456 1582 3553; x_wconf 81' lang='lat' dir='ltr'>improbitatem</span> 
     </span>
     <span class='ocr_line' id='line_1_35' title="bbox 282 3549 1583 3652; baseline 0 -29"><span class='ocrx_word' id='word_1_339' title='bbox 282 3575 373 3652; x_wconf 85' lang='lat' dir='ltr'>atque</span> <span class='ocrx_word' id='word_1_340' title='bbox 388 3554 546 3651; x_wconf 86' lang='lat' dir='ltr'>perfidiam</span> <span class='ocrx_word' id='word_1_341' title='bbox 559 3555 758 3629; x_wconf 84' lang='lat' dir='ltr'>successomm</span> <span class='ocrx_word' id='word_1_342' title='bbox 773 3558 856 3628; x_wconf 89' lang='lat' dir='ltr'>Petri</span> <span class='ocrx_word' id='word_1_343' title='bbox 868 3557 975 3641; x_wconf 69' lang='lat' dir='ltr'>Sell23</span> <span class='ocrx_word' id='word_1_344' title='bbox 1028 3555 1090 3627; x_wconf 89' lang='lat' dir='ltr'>uod</span> <span class='ocrx_word' id='word_1_345' title='bbox 1107 3559 1194 3628; x_wconf 86' lang='lat' dir='ltr'>enim</span> <span class='ocrx_word' id='word_1_346' title='bbox 1213 3557 1258 3626; x_wconf 91' lang='lat' dir='ltr'>illi</span> <span class='ocrx_word' id='word_1_347' title='bbox 1272 3553 1311 3626; x_wconf 87' lang='lat' dir='ltr'>de</span> <span class='ocrx_word' id='word_1_348' title='bbox 1331 3549 1498 3624; x_wconf 85' lang='lat' dir='ltr'>rationibus</span> <span class='ocrx_word' id='word_1_349' title='bbox 1509 3556 1583 3623; x_wconf 86' lang='lat' dir='ltr'>anni</span> 
     </span>
     <span class='ocr_line' id='line_1_36' title="bbox 290 3582 1679 3750; baseline -0.001 -31"><span class='ocrx_word' id='word_1_350' title='bbox 290 3673 384 3747; x_wconf 88' lang='lat'>1547.</span> <span class='ocrx_word' id='word_1_351' title='bbox 398 3651 548 3723; x_wconf 75' lang='lat' dir='ltr'>affimant</span> <span class='ocrx_word' id='word_1_352' title='bbox 562 3653 640 3725; x_wconf 92' lang='lat' dir='ltr'>mihi</span> <span class='ocrx_word' id='word_1_353' title='bbox 651 3650 709 3724; x_wconf 86' lang='lat' dir='ltr'>esse</span> <span class='ocrx_word' id='word_1_354' title='bbox 721 3649 921 3740; x_wconf 68' lang='lat' dir='ltr'>lantfredum,</span> <span class='ocrx_word' id='word_1_355' title='bbox 944 3582 1028 3750; x_wconf 78' lang='lat' dir='ltr'>quid1</span> <span class='ocrx_word' id='word_1_356' title='bbox 1031 3653 1137 3724; x_wconf 83' lang='lat' dir='ltr'>adrem</span> <span class='ocrx_word' id='word_1_357' title='bbox 1145 3649 1233 3722; x_wconf 82' lang='lat' dir='ltr'>facit?</span> <span class='ocrx_word' id='word_1_358' title='bbox 1259 3675 1360 3747; x_wconf 86' lang='lat' dir='ltr'>neque</span> <span class='ocrx_word' id='word_1_359' title='bbox 1376 3648 1459 3717; x_wconf 87' lang='lat' dir='ltr'>enim</span> <span class='ocrx_word' id='word_1_360' title='bbox 1473 3672 1533 3744; x_wconf 84' lang='lat' dir='ltr'>ego</span> <span class='ocrx_word' id='word_1_361' title='bbox 1540 3647 1579 3718; x_wconf 92' lang='lat' dir='ltr'>d</span> <span class='ocrx_word' id='word_1_362' title='bbox 1676 3659 1679 3668; x_wconf 64' lang='lat'><em>⁴</em></span> 
     </span>
    </p>
   </div>
   <div class='ocr_carea' id='block_1_11' title="bbox 284 3742 1583 3943">
    <p class='ocr_par' dir='ltr' id='par_1_11' title="bbox 284 3742 1583 3943">
     <span class='ocr_line' id='line_1_37' title="bbox 284 3742 1583 3943; baseline -0.002 -127"><span class='ocrx_word' id='word_1_363' title='bbox 284 3771 324 3816; x_wconf 87' lang='lat' dir='ltr'>eo</span> <span class='ocrx_word' id='word_1_364' title='bbox 334 3773 416 3817; x_wconf 88' lang='lat' dir='ltr'>anno</span> <span class='ocrx_word' id='word_1_365' title='bbox 427 3752 599 3943; x_wconf 61' lang='lat' dir='ltr'>quicquam</span> <span class='ocrx_word' id='word_1_366' title='bbox 611 3746 689 3820; x_wconf 88' lang='lat' dir='ltr'>mihi</span> <span class='ocrx_word' id='word_1_367' title='bbox 699 3748 737 3821; x_wconf 82' lang='lat' dir='ltr'>ab</span> <span class='ocrx_word' id='word_1_368' title='bbox 750 3751 803 3820; x_wconf 91' lang='lat' dir='ltr'>illo</span> <span class='ocrx_word' id='word_1_369' title='bbox 815 3746 920 3820; x_wconf 87' lang='lat' dir='ltr'>deberi</span> <span class='ocrx_word' id='word_1_370' title='bbox 932 3756 996 3838; x_wconf 86' lang='lat' dir='ltr'>ajo,</span> <span class='ocrx_word' id='word_1_371' title='bbox 1020 3744 1070 3819; x_wconf 90' lang='lat' dir='ltr'>sed</span> <span class='ocrx_word' id='word_1_372' title='bbox 1078 3748 1211 3820; x_wconf 75' lang='lat' dir='ltr'>deamo</span> <span class='ocrx_word' id='word_1_373' title='bbox 1222 3772 1233 3816; x_wconf 87' lang='lat'>1</span> <span class='ocrx_word' id='word_1_374' title='bbox 1244 3767 1281 3840; x_wconf 85' lang='lat'>55</span> <span class='ocrx_word' id='word_1_375' title='bbox 1293 3770 1303 3814; x_wconf 91' lang='grc' dir='ltr'>ι</span> <span class='ocrx_word' id='word_1_376' title='bbox 1313 3769 1394 3842; x_wconf 79' lang='lat' dir='ltr'>,quo</span> <span class='ocrx_word' id='word_1_377' title='bbox 1407 3767 1509 3827; x_wconf 81' lang='lat' dir='ltr'>anun,</span> <span class='ocrx_word' id='word_1_378' title='bbox 1532 3742 1583 3814; x_wconf 82' lang='lat' dir='ltr'>dre</span> 
     </span>
    </p>
   </div>
   <div class='ocr_carea' id='block_1_12' title="bbox 279 3835 1583 4136">
    <p class='ocr_par' dir='ltr' id='par_1_12' title="bbox 279 3835 1583 4136">
     <span class='ocr_line' id='line_1_38' title="bbox 283 3835 1583 4008; baseline -0.002 -95"><span class='ocrx_word' id='word_1_379' title='bbox 283 3865 357 3913; x_wconf 75' lang='lat' dir='ltr'>vero</span> <span class='ocrx_word' id='word_1_380' title='bbox 370 3867 410 3913; x_wconf 85' lang='grc' dir='ltr'>ιο</span> <span class='ocrx_word' id='word_1_381' title='bbox 447 3848 512 3922; x_wconf 83' lang='lat' dir='ltr'>unii</span> <span class='ocrx_word' id='word_1_382' title='bbox 525 3844 595 3916; x_wconf 83' lang='lat' dir='ltr'>mist</span> <span class='ocrx_word' id='word_1_383' title='bbox 610 3846 648 3918; x_wconf 78' lang='lat' dir='ltr'>sd</span> <span class='ocrx_word' id='word_1_384' title='bbox 659 3849 770 3920; x_wconf 75' lang='lat' dir='ltr'>Selium</span> <span class='ocrx_word' id='word_1_385' title='bbox 785 3870 856 3914; x_wconf 90' lang='lat' dir='ltr'>cum</span> <span class='ocrx_word' id='word_1_386' title='bbox 869 3841 1026 3943; x_wconf 86' lang='lat' dir='ltr'>Episcopii</span> <span class='ocrx_word' id='word_1_387' title='bbox 1037 3850 1071 3913; x_wconf 76' lang='grc' dir='ltr'><strong>δι</strong></span> <span class='ocrx_word' id='word_1_388' title='bbox 1083 3847 1206 4008; x_wconf 62' lang='lat' dir='ltr'>Herupi</span> <span class='ocrx_word' id='word_1_389' title='bbox 1221 3850 1254 3913; x_wconf 79' lang='grc' dir='ltr'>δι</span> <span class='ocrx_word' id='word_1_390' title='bbox 1265 3845 1393 3913; x_wconf 78' lang='lat' dir='ltr'>aliorum</span> <span class='ocrx_word' id='word_1_391' title='bbox 1407 3835 1491 3909; x_wconf 87' lang='lat' dir='ltr'>libris</span> <span class='ocrx_word' id='word_1_392' title='bbox 1496 3855 1583 3910; x_wconf 89' lang='lat' dir='ltr'>meos</span> 
     </span>
     <span class='ocr_line' id='line_1_39' title="bbox 280 3933 1581 4040; baseline -0.003 -32"><span class='ocrx_word' id='word_1_393' title='bbox 280 3965 410 4036; x_wconf 88' lang='lat' dir='ltr'>quoque</span> <span class='ocrx_word' id='word_1_394' title='bbox 422 3965 479 4036; x_wconf 91' lang='lat' dir='ltr'>pro</span> <span class='ocrx_word' id='word_1_395' title='bbox 489 3965 502 4009; x_wconf 90' lang='lat'>1</span> <span class='ocrx_word' id='word_1_396' title='bbox 511 3963 525 4036; x_wconf 79' lang='grc' dir='ltr'><strong>ς</strong></span> <span class='ocrx_word' id='word_1_397' title='bbox 535 3940 697 4014; x_wconf 84' lang='lat' dir='ltr'>florenis&amp;</span> <span class='ocrx_word' id='word_1_398' title='bbox 709 3941 891 4040; x_wconf 84' lang='lat' dir='ltr'>13.bsttiis‚</span> <span class='ocrx_word' id='word_1_399' title='bbox 903 3960 1027 4038; x_wconf 88' lang='lat' dir='ltr'>petente</span> <span class='ocrx_word' id='word_1_400' title='bbox 1040 3965 1094 4009; x_wconf 86' lang='lat' dir='ltr'>eos</span> <span class='ocrx_word' id='word_1_401' title='bbox 1107 3942 1173 4010; x_wconf 83' lang='lat' dir='ltr'>Balt</span> <span class='ocrx_word' id='word_1_402' title='bbox 1195 3937 1281 4010; x_wconf 79' lang='lat' dir='ltr'>assare</span> <span class='ocrx_word' id='word_1_403' title='bbox 1295 3933 1458 4008; x_wconf 81' lang='lat' dir='ltr'>Ravalasco</span> <span class='ocrx_word' id='word_1_404' title='bbox 1472 3935 1581 4005; x_wconf 66' lang='lat' dir='ltr'>vedio</span> 
     </span>
     <span class='ocr_line' id='line_1_40' title="bbox 279 4030 1580 4136; baseline -0.002 -32"><span class='ocrx_word' id='word_1_405' title='bbox 279 4060 313 4104; x_wconf 88' lang='lat' dir='ltr'>re</span> <span class='ocrx_word' id='word_1_406' title='bbox 326 4033 572 4123; x_wconf 78' lang='lat' dir='ltr'>Mediolanense,</span> <span class='ocrx_word' id='word_1_407' title='bbox 596 4040 690 4136; x_wconf 89' lang='lat' dir='ltr'>idque</span> <span class='ocrx_word' id='word_1_408' title='bbox 703 4042 831 4111; x_wconf 89' lang='lat' dir='ltr'>nomine</span> <span class='ocrx_word' id='word_1_409' title='bbox 845 4039 925 4108; x_wconf 83' lang='lat' dir='ltr'>Petri</span> <span class='ocrx_word' id='word_1_410' title='bbox 941 4040 1018 4108; x_wconf 80' lang='lat' dir='ltr'>Ant.</span> <span class='ocrx_word' id='word_1_411' title='bbox 1036 4030 1139 4105; x_wconf 82' lang='lat' dir='ltr'>Sclsae:</span> <span class='ocrx_word' id='word_1_412' title='bbox 1165 4062 1186 4105; x_wconf 92' lang='lat' dir='ltr'>n</span> <span class='ocrx_word' id='word_1_413' title='bbox 1227 4061 1266 4105; x_wconf 90' lang='lat' dir='ltr'>ue</span> <span class='ocrx_word' id='word_1_414' title='bbox 1279 4032 1423 4104; x_wconf 65' lang='lat' dir='ltr'>hasiensis</span> <span class='ocrx_word' id='word_1_415' title='bbox 1434 4033 1580 4127; x_wconf 80' lang='lat' dir='ltr'>cuiquam</span> 
     </span>
    </p>
   </div>
   <div class='ocr_carea' id='block_1_13' title="bbox 110 4126 1581 4247">
    <p class='ocr_par' dir='ltr' id='par_1_13' title="bbox 110 4126 1581 4247">
     <span class='ocr_line' id='line_1_41' title="bbox 110 4126 1581 4247; baseline -0.002 -46"><span class='ocrx_word' id='word_1_416' title='bbox 110 4189 125 4218; x_wconf 58' lang='lat'>„</span> <span class='ocrx_word' id='word_1_417' title='bbox 278 4128 418 4204; x_wconf 88' lang='lat' dir='ltr'>nostrum</span> <span class='ocrx_word' id='word_1_418' title='bbox 441 4139 499 4220; x_wconf 90' lang='grc' dir='ltr'><strong>(ιιι</strong></span> <span class='ocrx_word' id='word_1_419' title='bbox 513 4136 605 4204; x_wconf 83' lang='lat' dir='ltr'>etiam</span> <span class='ocrx_word' id='word_1_420' title='bbox 618 4138 693 4206; x_wconf 81' lang='lat' dir='ltr'>alios</span> <span class='ocrx_word' id='word_1_421' title='bbox 703 4137 851 4247; x_wconf 76' lang='lat' dir='ltr'>conqueri</span> <span class='ocrx_word' id='word_1_422' title='bbox 863 4132 977 4219; x_wconf 80' lang='lat' dir='ltr'>audio)</span> <span class='ocrx_word' id='word_1_423' title='bbox 999 4128 1211 4202; x_wconf 68' lang='lat' dir='ltr'>stetisstdiume</span> <span class='ocrx_word' id='word_1_424' title='bbox 1258 4128 1374 4202; x_wconf 77' lang='lat' dir='ltr'>&#39;Unde</span> <span class='ocrx_word' id='word_1_425' title='bbox 1388 4126 1411 4199; x_wconf 85' lang='lat' dir='ltr'>fi</span> <span class='ocrx_word' id='word_1_426' title='bbox 1424 4129 1525 4198; x_wconf 89' lang='lat' dir='ltr'>nolint</span> <span class='ocrx_word' id='word_1_427' title='bbox 1537 4129 1581 4198; x_wconf 92' lang='lat' dir='ltr'>illi</span> 
     </span>
    </p>
   </div>
   <div class='ocr_carea' id='block_1_14' title="bbox 276 4220 1579 4425">
    <p class='ocr_par' dir='ltr' id='par_1_14' title="bbox 276 4220 1579 4425">
     <span class='ocr_line' id='line_1_42' title="bbox 279 4220 1578 4325; baseline -0.005 -25"><span class='ocrx_word' id='word_1_428' title='bbox 279 4251 404 4315; x_wconf 79' lang='lat' dir='ltr'>tumre,</span> <span class='ocrx_word' id='word_1_429' title='bbox 438 4249 473 4298; x_wconf 90' lang='grc' dir='ltr'>ιιι</span> <span class='ocrx_word' id='word_1_430' title='bbox 485 4226 576 4299; x_wconf 87' lang='lat' dir='ltr'>nobis</span> <span class='ocrx_word' id='word_1_431' title='bbox 591 4227 709 4302; x_wconf 70' lang='lat' dir='ltr'>fitisfitt</span> <span class='ocrx_word' id='word_1_432' title='bbox 733 4238 806 4303; x_wconf 80' lang='lat' dir='ltr'>citra</span> <span class='ocrx_word' id='word_1_433' title='bbox 826 4226 974 4325; x_wconf 78' lang='lat' dir='ltr'>tmpensas</span> <span class='ocrx_word' id='word_1_434' title='bbox 992 4229 1085 4313; x_wconf 77' lang='lat' dir='ltr'>alins,</span> <span class='ocrx_word' id='word_1_435' title='bbox 1115 4229 1165 4297; x_wconf 86' lang='lat' dir='ltr'>vel</span> <span class='ocrx_word' id='word_1_436' title='bbox 1178 4234 1243 4319; x_wconf 86' lang='lat' dir='ltr'>jure</span> <span class='ocrx_word' id='word_1_437' title='bbox 1256 4225 1395 4298; x_wconf 81' lang='lat' dir='ltr'>debitunt</span> <span class='ocrx_word' id='word_1_438' title='bbox 1408 4220 1545 4293; x_wconf 88' lang='lat' dir='ltr'>nostrum</span> <span class='ocrx_word' id='word_1_439' title='bbox 1560 4250 1578 4293; x_wconf 83' lang='lat' dir='ltr'>a</span> 
     </span>
     <span class='ocr_line' id='line_1_43' title="bbox 276 4314 1579 4425; baseline -0.006 -32"><span class='ocrx_word' id='word_1_440' title='bbox 276 4322 602 4419; x_wconf 69' lang='lat' dir='ltr'>praedietosstldufftre</span> <span class='ocrx_word' id='word_1_441' title='bbox 613 4330 776 4425; x_wconf 82' lang='lat' dir='ltr'>exigemus.</span> <span class='ocrx_word' id='word_1_442' title='bbox 803 4326 865 4397; x_wconf 87' lang='lat' dir='ltr'>Sed</span> <span class='ocrx_word' id='word_1_443' title='bbox 875 4326 1017 4398; x_wconf 82' lang='lat' dir='ltr'>homines</span> <span class='ocrx_word' id='word_1_444' title='bbox 1028 4323 1138 4420; x_wconf 80' lang='lat' dir='ltr'>&#39;perfidi</span> <span class='ocrx_word' id='word_1_445' title='bbox 1152 4350 1189 4394; x_wconf 82' lang='lat' dir='ltr'>ex</span> <span class='ocrx_word' id='word_1_446' title='bbox 1203 4322 1257 4393; x_wconf 91' lang='lat' dir='ltr'>suo</span> <span class='ocrx_word' id='word_1_447' title='bbox 1270 4322 1399 4418; x_wconf 83' lang='lat' dir='ltr'>ingenio</span> <span class='ocrx_word' id='word_1_448' title='bbox 1413 4320 1487 4387; x_wconf 85' lang='lat' dir='ltr'>alios</span> <span class='ocrx_word' id='word_1_449' title='bbox 1499 4314 1579 4386; x_wconf 68' lang='lat' dir='ltr'>esti·</span> 
     </span>
    </p>
   </div>
   <div class='ocr_carea' id='block_1_15' title="bbox 275 4409 1579 4586">
    <p class='ocr_par' dir='ltr' id='par_1_15' title="bbox 275 4409 1579 4586">
     <span class='ocr_line' id='line_1_44' title="bbox 275 4409 1579 4586; baseline -0.011 -93"><span class='ocrx_word' id='word_1_450' title='bbox 275 4442 369 4492; x_wconf 75' lang='lat' dir='ltr'>ment</span> <span class='ocrx_word' id='word_1_451' title='bbox 379 4420 534 4511; x_wconf 57' lang='lat' dir='ltr'>efficiam</span> <span class='ocrx_word' id='word_1_452' title='bbox 542 4442 662 4513; x_wconf 76' lang='lat' dir='ltr'>tamen,</span> <span class='ocrx_word' id='word_1_453' title='bbox 676 4423 733 4497; x_wconf 80' lang='lat' dir='ltr'>nist</span> <span class='ocrx_word' id='word_1_454' title='bbox 745 4419 833 4522; x_wconf 85' lang='lat' dir='ltr'>¹quod</span> <span class='ocrx_word' id='word_1_455' title='bbox 844 4422 929 4496; x_wconf 84' lang='lat' dir='ltr'>bona</span> <span class='ocrx_word' id='word_1_456' title='bbox 941 4416 1122 4586; x_wconf 57' lang='lat' dir='ltr'>fidedebpnt</span> <span class='ocrx_word' id='word_1_457' title='bbox 1131 4416 1292 4505; x_wconf 83' lang='lat' dir='ltr'>solverint,</span> <span class='ocrx_word' id='word_1_458' title='bbox 1306 4441 1341 4492; x_wconf 89' lang='grc' dir='ltr'>ιιι</span> <span class='ocrx_word' id='word_1_459' title='bbox 1353 4414 1409 4486; x_wconf 77' lang='lat' dir='ltr'>hac</span> <span class='ocrx_word' id='word_1_460' title='bbox 1417 4409 1579 4574; x_wconf 57' lang='lat' dir='ltr'>freudqspta</span> 
     </span>
     <span class='ocr_line' id='line_1_45' title="bbox 1105 4534 1577 4577; baseline -0.028 13"><span class='ocrx_word' id='word_1_461' title='bbox 1105 4550 1116 4576; x_wconf 76' lang='lat'>-.</span> <span class='ocrx_word' id='word_1_462' title='bbox 1556 4534 1577 4577; x_wconf 88' lang='grc' dir='ltr'>ιι</span> 
     </span>
    </p>
   </div>
   <div class='ocr_carea' id='block_1_16' title="bbox 0 0 2038 5425">
    <p class='ocr_par' dir='ltr' id='par_1_16' title="bbox 0 0 2038 5425">
     <span class='ocr_line' id='line_1_46' title="bbox 0 0 2038 5425; baseline 0 1"><span class='ocrx_word' id='word_1_463' title='bbox 0 0 2038 5425; x_wconf 95' lang='lat' dir='ltr'> </span> 
     </span>
    </p>
   </div>
  </div>
 </body>
</html>
