4067 5425
546 332 884 411 Vinouosr
939 333 1321 418 Errsronu.
1528 372 1597 454 157

274 458 436 559 {rugatum
449 455 535 527 irem.
582 452 627 524 Et
640 455 697 526 erit
710 448 832 525 fortasse
844 453 932 529 brevi
944 510 955 545 ,
987 484 1059 532 cum
1074 462 1132 531 otii
1144 463 1212 558 plus
1226 458 1407 537 habebimus
1421 464 1458 538 ad
1469 480 1590 563 generis

242 616 248 625 .
274 553 363 648 hujus
373 538 592 625 institutiones
641 556 757 623 Interea
770 551 808 622 ad
820 551 1023 649 posteriorem
1045 555 1224 656 quadrigam
1245 580 1366 632 marum
1380 565 1517 660 ζητήπων
1532 593 1584 639 ac.

273 654 344 750 cipe
350 705 361 740 ,
385 673 453 749 quae
467 645 628 720 veniebant
646 646 737 720 nobis
750 650 783 719 in
798 671 938 722 mentem
954 705 964 738 ,
996 678 1071 725 cum
1083 675 1148 725 turs
1170 657 1349 753 legeremus.
1398 659 1509 743 Scribit
1522 667 1583 738 Fe·
1700 728 1702 735 .

273 745 344 818 stus.
374 743 521 819 Funebres
535 742 610 815 ridie
621 743 787 830 dicuntur,
819 771 887 817 cusn
902 747 1008 846 quibus
1022 758 1057 821 in
1061 755 1171 848 funere
1177 759 1317 824 canitur:
1348 782 1425 852 quas
1439 762 1580 836 Flamini

272 844 378 916 odire
411 841 533 914 urebant
546 844 697 911 illicitum.
722 840 890 939 Repugnat
901 843 981 931 istis,
996 849 1164 944 inquistu,
1187 849 1343 919 Nosiium
1352 854 1503 949 Scriptor,
1521 880 1578 930 cu-

270 948 349 1030 jusv
402 966 439 1009 a:
463 942 602 1008 Flamini
620 941 716 1010 Diali
721 942 820 1034 funus
831 941 950 1038 exsequi
968 967 1028 1009 non
1048 944 1087 1040 est
1106 949 1166 1014 reli
1185 953 1224 1015 io.
1274 947 1317 1015 Et
1327 944 1440 1020 babent
1456 976 1489 1020 re
1503 979 1575 1026 vera

271 1036 517 1109 contradifflonis
531 1032 664 1130 speciem
676 1033 721 1105 hae
735 1032 925 1106 assertiones:
950 1034 1084 1134 speciem
1094 973 1236 1138 inqibn,
1250 1065 1317 1111 non
1332 1047 1480 1123 oinnffivloi
1494 1057 1574 1121 im-

268 1135 371 1206 nu‘m.
418 1128 545 1204 Possunt
556 1150 660 1199 autem
668 1134 758 1201 variis
773 1129 874 1201 modis
885 1132 949 1204 baec
965 1136 1045 1204 inter
1057 1130 1086 1205 se
1099 1139 1264 1207 conciliari.
1296 1140 1376 1210 Non
1383 1142 1485 1239 inepte
1494 1169 1573 1217 con-

267 1230 395 1302 tenderit
406 1229 531 1325 aliquis,
556 1225 594 1297 de
605 1227 794 1392 temlporibus
807 1227 931 1299 diversis
943 1230 1064 1301 locutos
1076 1229 1238 1303 Festum&
1251 1237 1294 1303 A.
1304 1235 1462 1310 Gellium:
1486 1239 1569 1315 hunc

265 1327 441 1399 de'luorum
460 1312 637 1420 ternporu‘m
666 1326 763 1395 entire
784 1320 1026 1397 consuetudine:
1058 1328 1145 1398 illum
1160 1328 1199 1400 de
1215 1326 1341 1426 prisco,
1371 1339 1404 1403 δι
1423 1334 1571 1412 vetustate

266 1423 329 1521 ipsa
338 1421 478 1497 obsoleto
494 1443 589 1491 more.
638 1420 733 1507 Ideo,
757 1423 813 1506 ait,
832 1421 999 1524 putabant,
1025 1448 1090 1493 non
1097 1446 1218 1527 putant.
1267 1429 1300 1496 Si
1313 1427 1393 1500 dicas
1407 1457 1471 1502 non
1486 1435 1568 1509 Festi

262 1547 331 1592 earn
345 1519 402 1592 esse
414 1542 544 1604 vorem,
568 1514 617 1586 sed
627 1515 824 1587 breviatoris:
856 1517 908 1588 etsr
923 1516 1001 1588 nihil
1011 1519 1103 1591 video
1118 1574 1129 1606 ,
1154 1546 1207 1591 cur
1219 1524 1261 1592 itt
1274 1523 1441 1597 exirimne
1455 1528 1491 1599 srt
1504 1557 1564 1603 ne-

262 1618 358 1688 cesse:
393 1639 459 1688 non
473 1616 507 1684 in
520 1639 559 1683 eo
572 1634 673 1683 tamen
693 1608 852 1684 solutionis
864 1615 1017 1686 cardinem
1035 1614 1197 1688 constituo.
1247 1619 1382 1716 Negabo
1394 1627 1565 1718 potiussrbi

263 1718 413 1785 contraria
427 1710 484 1781 esse
493 1714 590 1802 funus
604 1711 751 1808 exsequi,
782 1718 815 1780 δι
833 1709 925 1783 tibias
933 1715 1081 1809 funeruni
1092 1713 1271 1786 audirenon
1310 1745 1369 1789 oe.
1421 1723 1559 1797 Primum

262 1813 412 1909 quianon
425 1803 646 1879 omniasturera
659 1805 697 1876 ad
710 1805 817 1877 tibiam
830 1806 1016 1879 ducebantur
1031 1839 1040 1879 ε
1069 1807 1124 1880 scis
1136 1814 1222 1882 enirn
1233 1813 1267 1883 in
1329 1810 1496 1887 nestiorum
1511 1818 1564 1889 su-

262 1906 387 1977 neribus
406 1903 511 1974 tubam
522 1899 660 1999 protibia
673 1900 730 1973 esse
742 1900 915 1974 adbibitsnr
945 1905 1072 1976 Deinde
1086 1905 1158 1978 illud
1172 1907 1273 2005 potest
1284 1909 1369 1982 dici:
1393 1912 1561 1987 Pontifices

259 2029 328 2076 raro
341 2000 422 2073 ittlse
434 1997 601 2096 exsequias:
624 1999 717 2099 quisi
738 2000 864 2099 quando
877 2027 916 2072 eo
928 2003 1081 2089 venirent,
1105 2000 1245 2075 habitum
1257 2003 1335 2077 essei
1358 2005 1486 2079 srshunc
1500 2009 1561 2084 ho-

257 2126 385 2186 norem,
411 2119 445 2168 ut
461 2122 569 2167 eorum
586 2099 680 2193 gratia
691 2097 773 2168 trbiae
784 2120 1025 2173 removerentur.
1072 2101 1127 2170 De
1143 2098 1261 2172 solenni
1281 2032 1444 2174 meierum
1456 2106 1561 2178 lauda-

257 2199 359 2283 tione,
383 2192 459 2294 quid
467 2192 524 2264 tibi
539 2193 753 2291 respondeam,
776 2196 872 2265 animi
883 2194 1023 2291 pendeo:
1046 2221 1101 2293 per
1113 2199 1199 2267 enim
1212 2196 1289 2268 milri
1304 2202 1417 2271 mirum
1429 2202 1561 2292 videtur,
1580 2292 1582 2294 Ι

238 2314 318 2369 „tum
332 2298 430 2391 longo
442 2312 620 2388 temporum
638 2292 794 2362 intervallo
807 2289 876 2388 post
889 2296 977 2363 latam
997 2294 1100 2388 legem
1117 2346 1127 2379 ,
1158 2296 1328 2407 ignoratam
1343 2298 1454 2367 Romae
1470 2297 1558 2374 fuisse

256 2416 323 2463 eun
335 2387 594 2461 consuetudinem.
626 2385 875 2459 Sedunrncum
887 2388 1031 2459 Tullium
1041 2389 1124 2473 idern
1135 2412 1277 2461 miratum
1291 2391 1420 2465 ellenon
1429 2393 1558 2471 dubito:

254 2488 326 2559 ideo
336 2488 380 2559 de
393 2487 521 2584 Popillia
533 2483 576 2559 est
590 2484 628 2553 ab
648 2487 702 2555 illo
718 2484 894 2555 adnotatum
908 2514 916 2554 r
947 2509 1003 2555 ceu
1014 2510 1061 2555 res
1075 2482 1231 2557 observatu
1252 2487 1354 2584 digno
1400 2493 1443 2561 Et
1455 2513 1558 2566 tamen

255 2610 322 2655 non
334 2585 423 2656 audet
436 2584 551 2652 Cicero
566 2579 712 2652 affirmare
726 2583 857 2678 primam
878 2583 1021 2652 omniurn
1041 2584 1205 2652 mulierum
1221 2609 1287 2654 eam
1306 2581 1392 2655 fitisse
1407 2588 1557 2663 laudatam

277 2680 393 2753 ublice:
418 2681 704 2773 verumitafe‚ait‚
721 2700 847 2781 putare.
898 2675 1062 2764 utsrdicat,
1088 2676 1153 2749 fieri
1166 2676 1265 2776 posse,
1278 2683 1557 2759 ut&tliisolimis

255 2707 358 2850 bonos
371 2777 442 2850 esset
453 2774 594 2847 babitus:
623 2771 673 2847 sed
687 2801 815 2873 quarum
829 2802 851 2844 n
921 2796 1033 2846 extaret
1048 2778 1081 2846 in
1093 2772 1225 2847 historiis
1245 2781 1401 2848 memoria.
1451 2784 1558 2854 Scien-

254 2875 447 2960 durnetiam,
460 2899 525 2943 non
531 2871 629 2943 statim
637 2870 774 2943 moribus
781 2892 938 2970 receptum
946 2869 1020 2958 esse,
1028 2873 1177 2970 quicquid
1189 2876 1328 2970 perleges
1333 2872 1451 2944 licebat.
1483 2879 1560 2948 Illu-

254 2971 323 3044 stria
338 2974 473 3068 exempla
486 2973 520 3040 in
534 2972 601 3065 lege
613 2970 651 3040 de
667 2968 823 3040 divortiis:
847 2976 880 3038 δι
894 2972 927 3039 in
943 2968 992 3039 illa
1005 2995 1073 3066 quae
1086 2969 1201 3039 malurn
1208 2967 1382 3041 debitorem
1396 2967 1491 3042 secare
1499 3002 1559 3063 με·
1698 3039 1704 3056 ,

252 3069 324 3148 urin
333 3066 534 3169 permittebat.
584 3065 681 3161 Quod
691 3069 959 3136 autemmulierurn
968 3067 1121 3147 &orioro
1132 3068 1209 3157 nipe
1217 3068 1328 3137 Rome
1338 3092 1404 3137 non
1417 3068 1556 3142 essentin

252 3163 328 3253 usu,
353 3169 443 3238 etiam
463 3161 605 3252 Polybius
618 3170 651 3233 &
671 3159 802 3257 Dionys.
814 3163 915 3231 Helie.
939 3160 1096 3249 indicant,
1129 3164 1185 3259 qui
1203 3163 1241 3235 de
1258 3188 1298 3232 eo
1311 3161 1450 3235 instituto
1462 3169 1557 3239 rnsrlta

251 3261 412 3334 scribentes
424 3260 582 3332 muliebris
593 3259 773 3330 laudationis
786 3260 899 3330 nullam
914 3259 1052 3329 fecerum
1065 3262 1265 3331 mentionem.
1312 3260 1449 3332 Orcinos
1461 3260 1554 3334 liber-

252 3363 417 3432 toslesiunr
437 3359 638 3429 dominorum
657 3351 875 3425 defunetomm
888 3350 991 3425 solitos
1006 3354 1199 3440 antecedere,
1222 3359 1329 3428 Livius
1336 3359 1394 3445 ait,
1416 3361 1557 3456 aliiquee

250 3449 1041 3551 Latinis.DionysHslicAZrulruarmyrsnuffiu.
1063 3449 1431 3557 Hocestlesiosprosrqui.
1456 3456 1556 3526 Aliud

251 3553 378 3626 nibilri
389 3555 608 3643 wgqmnsffin
623 3546 771 3645 fignificat
783 3544 941 3619 hocloco.¹
967 3554 1072 3642 Quare
1087 3551 1167 3619 irent
1176 3573 1237 3645 prae
1249 3575 1288 3620 an
1299 3574 1381 3647 pone
1391 3545 1559 3646 sequeren-

248 3671 299 3720 tur
314 3675 350 3719 ex
361 3651 452 3720 Dion
482 3652 504 3719 ri
512 3645 612 3718 verbis
625 3642 768 3744 cognosci
774 3643 894 3742 liquido
906 3669 971 3715 non
980 3643 1088 3742 potest
1137 3647 1263 3740 Proprie
1277 3649 1496 3736 περιωθεῖν
1510 3672 1528 3717 e

247 3744 374 3816 honoris
390 3770 424 3816 ca
456 3746 559 3816 alatus
574 3763 676 3852 tegere
691 3744 802 3813 alicui:
835 3743 1002 3838 ponitur&
1019 3767 1076 3838 pro
1088 3738 1204 3836 sequie
1219 3741 1359 3840 vestigio.
1407 3740 1507 3813 Sed&
1520 3746 1556 3815 in

247 3867 360 3943 genere
369 3838 509 3941 prosequi
522 3840 690 3939 significat,
712 3836 798 3937 quod
811 3837 867 3908 slis
881 3862 958 3908 voce
976 3839 1164 3924 ωοπέμπτιυ
1188 3836 1328 3909 dierunt
1347 3837 1461 3908 Graeci.
1505 3843 1555 3911 Sic

244 3936 1558 4154 reimmiffltrsrs

245 4135 377 4208 notione
389 4130 469 4228 apud
481 4131 667 4226 Dionysium
680 4134 807 4227 capiam.
843 4129 922 4198 Non
940 4130 1082 4199 assentior
1094 4126 1270 4216 Raevtrdo,
1299 4131 1355 4227 qui
1374 4127 1466 4199 verbs
1479 4132 1557 4226 legis

244 4257 285 4305 xr
295 4253 323 4302 1.
348 4233 480 4299 Mortuo
495 4254 533 4297 ne
550 4232 604 4319 offis
616 4232 726 4329 legito,
749 4233 810 4298 &e
859 4223 914 4294 Ad
924 4250 1046 4296 morem
1061 4225 1148 4295 illum
1160 4221 1340 4322 restringit,
1364 4224 1402 4294 de
1416 4250 1481 4320 quo
1494 4229 1556 4295 Fe-

242 4328 313 4401 stus
363 4323 462 4395 Aliud
475 4321 518 4393 est
531 4323 661 4422 digitum
670 4324 859 4417 abscindere,
882 4322 964 4394 aliud
977 4323 1146 4422 sublegere.
1195 4320 1354 4393 Etsrvalde
1368 4317 1491 4389 suntres
1505 4318 1556 4390 as·

241 4426 334 4504 sures:
360 4427 394 4495 δε
409 4420 447 4495 ab
465 4420 571 4494 eadem
583 4417 668 4493 cause
679 4439 841 4496 mnanto.
890 4417 949 4494 Sed
966 4416 1260 4587 {idennutrumque
1275 4418 1355 4490 olim
1366 4413 1554 4501 factitatum,

1029 4538 1046 4605 3
1504 4535 1560 4584 au·
