4067 5425
436 285 606 381 20'81,
724 283 1014 363 Curitts.
1060 302 1137 358 ru
1179 275 1499 357 Docrtas.

434 408 715 484 tiussrsuitnattuae
723 430 909 505 monuitque
917 402 1777 504 dinumerentuficcnusqueumquesobrindlcor,

436 505 645 605 Dousaepatrit
660 503 749 575 sed&
758 504 898 602 virginali
905 497 1060 599 modestiae
1066 503 1234 573 etiannum
1242 499 1353 571 assidue
1368 504 1435 574 lito.
1459 499 1576 575 Noster
1582 504 1757 579 illeveiiei·

437 629 472 676 ac
483 608 580 701 Lyaeo
595 603 699 671 notior
711 603 792 670 erat?
817 624 924 669 vertitu
932 599 1007 668 nolo
1016 600 1116 693 plura,
1139 622 1181 668 ne
1193 596 1297 667 videar
1310 598 1526 668 nturcdemum
1534 600 1650 697 aliquid
1663 606 1760 675 muti-

434 726 485 789 re,
510 697 675 798 postquatn
695 694 757 792 ipse
776 695 865 792 loqui
885 720 953 765 nori
973 689 1083 790 potest.
1132 694 1217 763 Nam
1238 717 1331 791 quani
1353 690 1481 764 faverim
1497 696 1559 766 alio
1582 699 1616 766 ui
1628 699 1758 795 ingenio

434 803 499 887 ejus
512 849 524 882 ,
555 790 681 891 expressi
694 794 922 890 Epigiainmate
936 786 1003 859 satis
1016 792 1126 861 arnico.
1176 790 1319 860 Plautum
1334 792 1421 860 Parei
1432 810 1517 860 certo
1529 793 1563 863 vi
1623 796 1674 865 itis
1685 821 1757 869 vere

433 895 580 990 proximo
591 885 716 988 pulchre
728 889 900 970 recoctum
924 887 1054 983 qualiter
1067 913 1085 957 a
1100 883 1214 957 Medea
1222 882 1536 959 scilicetvettuPelias.
1561 891 1689 960 Simulat
1711 918 1750 964 ue

435 987 605 1085 prodierit,
637 1008 699 1082 ego
714 984 816 1056 eidem
837 985 960 1053 comico
973 1006 1101 1052 minum
1114 981 1307 1066 admovebo,
1330 987 1364 1050 δι
1381 978 1520 1052 Asellum
1533 986 1685 1080 excipiam
1736 1032 1754 1044 -

435 1089 500 1182 gris
510 1084 632 1155 meritie
679 1083 808 1152 Interim
823 1073 900 1150 silve
915 1084 948 1149 dc
959 1079 1027 1148 vale
1039 1080 1137 1148 amice
1150 1080 1267 1174 prime,
1289 1084 1323 1147 δι
1336 1074 1460 1174 ignosce
1475 1079 1631 1175 impolitis
1656 1084 1754 1154 Nun.

436 1206 531 1278 quam
548 1177 646 1249 audeo
657 1202 725 1249 mea
735 1178 886 1273 relegere,
911 1200 952 1246 tie
967 1172 1143 1245 oblinantur
1159 1175 1257 1244 lituris
1264 1178 1303 1259 ¹&
1314 1175 1430 1272 alioqui
1445 1169 1561 1270 semper
1573 1173 1653 1246 mihi
1665 1176 1748 1249 abest

435 1280 545 1349 otium.
594 1275 690 1343 Nunc
714 1274 881 1372 praecipue,
903 1269 978 1341 duni
996 1272 1155 1369 Heringio
1173 1293 1273 1343 nouos
1291 1271 1410 1368 aliquot
1425 1271 1538 1342 molior
1559 1269 1703 1346 &ousiis
1713 1273 1751 1349 ai

394 1362 398 1373 ⁵
436 1375 562 1470 priores.
584 1368 800 1466 Heidelbergae
815 1365 1050 1440 xxiNovenib.
1070 1369 1167 1437 1618.

759 1476 1144 1564 Ei'isroiii
1193 1486 1439 1557 cxxiv.
1518 1551 1520 1555 ,

488 1604 1695 1764 Jnnusouuiuuuutn

476 1859 621 1931 mm,
939 1767 1019 1866 pit.
1043 1763 1264 1838 ittrchmno.
1625 1782 1628 1785 ·

407 1998 413 2009 .
515 1944 587 2008 AEta
606 1965 704 2010 narras
716 1937 755 2010 de
769 1935 913 2009 Caselio:
936 1936 988 2011 sed
1001 1938 1039 2011 de
1051 1935 1181 2010 nubtiis
1193 1935 1270 2009 nihil
1282 1940 1357 2009 certi
1372 1963 1510 2036 unquam
1521 1937 1750 2027 extricabimu,

514 2032 570 2103 nisi
583 2036 734 2130 exemplat
743 2034 842 2132 ipsum
852 2054 938 2106 antea
946 2034 1004 2107 suia
1009 2037 1107 2106 oculis
1115 2032 1249 2104 arbitrati
1256 2029 1379 2104 fuerint
1416 2033 1751 2131 Comparanintsibili-

438 2125 568 2201 brariam
590 2129 748 2203 officinam
768 2134 961 2203 Mantiorum
979 2135 1140 2230 integram.
1187 2136 1202 2199 l
1254 2153 1293 2200 ue
1311 2127 1446 2202 exhausti
1459 2130 1752 2227 pecuniaradomnia

437 2219 509 2295 fiunt
520 2227 672 2299 tardiores.
694 2252 703 2269 .
722 2220 1033 2325 Veitiinpaulopost‚
1054 2226 1160 2324 spero,
1184 2249 1216 2295 rc
1239 2228 1245 2240 '
1270 2225 1560 2323 untadiugenium.
1584 2228 1617 2296 Si
1652 2226 1754 2299 uidab

435 2322 483 2389 eis
496 2324 696 2418 impetravero
709 2319 796 2422 super
811 2321 950 2410 ciselo,
965 2320 1326 2395 tecumcommunicabo.
1359 2322 1480 2407 Itaest,
1503 2321 1573 2394 auxi
1610 2320 1751 2412 'ciusus,

436 2411 489 2486 sed
501 2440 601 2514 parte:
625 2442 698 2491 cturi
711 2440 814 2491 tamen
828 2421 866 2492 ud
879 2444 1006 2491 matium
1019 2418 1090 2491 esset
1103 2416 1183 2515 sylva
1197 2415 1352 2489 immensa
1378 2419 1439 2491 Sed
1453 2416 1754 2514 nihilvolopraevorti

439 2511 551 2583 Plauto
567 2513 691 2604 nostro,
712 2542 808 2614 quem
820 2511 875 2587 sub
889 2514 1091 2588 Taubmanni
1101 2516 1232 2586 nomine
1246 2514 1365 2585 edimus
1386 2537 1493 2588 contra
1514 2513 1651 2585 Cumani
1663 2512 1756 2587 nini

438 2602 634 2682 fraterculum
646 2665 671 2703 ,‚
682 2617 738 2710 qui
757 2613 912 2684 auctorem
930 2639 1002 2685 eum
1023 2632 1150 2708 utraque
1171 2609 1306 2683 editione
1318 2606 1440 2683 foedtun
1455 2615 1489 2683 in
1500 2610 1631 2682 niodum
1642 2634 1752 2682 exciti-

440 2706 553 2804 ciavit,
575 2705 630 2820 sub
647 2704 774 2808 persona
787 2708 900 2780 medici
911 2705 1044 2823 cqrnifeu
1058 2711 1176 2780 exime
1189 2730 1279 2779 nota.
1307 2806 1314 2821 ·
1329 2706 1413 2781 Istud
1428 2731 1533 2823 tamen
1546 2707 1626 2876 {pgr}
1640 2729 1671 2780 te
1683 2734 1754 2823 ¹.¹¹³.¹‘
1812 2795 1815 2800 4

443 2825 516 2874 nere
528 2807 629 2876 velim.
679 2808 764 2876 Nam
777 2827 927 2902 quantum
936 2808 1101 2904 intelligo,
1125 2802 1292 2875 Guldastus
1304 2806 1355 2876 rlle
1370 2804 1548 2877 nosterinti
1637 2828 1751 2877 vicinia

439 2892 547 3013 satagit
557 2926 678 2988 eruere,
702 2900 778 2998 quid
790 2899 852 2971 istis
864 2902 941 2972 locis
951 2897 1124 2972 scribamad
1134 2902 1249 2971 amicos
1264 2954 1275 2989 ,
1300 2906 1334 2971 δε
1346 2927 1404 2999 pto
1416 2903 1536 2999 ingenii
1546 2897 1752 3013 scaevitatede-

443 3013 525 3103 totta
537 3004 669 3160 Ἣῇιιε
679 2992 852 3067 transmittit
865 2996 902 3067 ad
917 3021 1092 3095 comparem
1105 2994 1211 3082 suum,
1233 2996 1272 3068 de
1286 3003 1371 3089 cujtu
1386 2997 1525 3084 meibtu
1536 2999 1584 3067 uti
1594 2995 1754 3069 summarie

442 3089 501 3162 tibi
510 3115 570 3161 cori
634 3143 645 3174 ,
671 3090 776 3188 legesis
789 3111 907 3163 tannim
920 3092 1010 3165 verba
1017 3148 1030 3182 ,
1045 3119 1112 3192 quae
1125 3093 1277 3164 Gruterus
1287 3096 1321 3164 iri
1335 3100 1398 3186 ejus
1407 3115 1497 3191 caput
1510 3117 1566 3168 ceu
1580 3091 1695 3165 floreus
1737 3134 1756 3149 -

442 3182 480 3257 fit
499 3183 776 3304 inter-euphemiae.
823 3188 1031 3305 Secundahac
1043 3189 1137 3262 editio
1155 3210 1208 3301 tua
1222 3193 1384 3303 Plautiria3
1408 3193 1515 3289 Quem
1529 3215 1626 3304 paras
1649 3199 1659 3281 (
1678 3214 1758 3293 pom

438 3283 1757 3481 lQffiffifflfflffimssffifflssffifflffiffiss

441 3472 726 3575 exstimularemque
739 3499 909 3550 currentem
921 3479 960 3549 ad
975 3478 1145 3550 editionem
1153 3475 1245 3549 secttn
1347 3486 1419 3552 Iino
1435 3500 1541 3552 contra
1587 3482 1618 3549 't
1633 3479 1757 3552 Miserat

318 3607 327 3642 i
441 3571 480 3644 ad
497 3600 548 3645 me
561 3577 701 3673 quinque
713 3577 762 3645 vel
774 3570 824 3645 sitit
839 3574 1006 3647 tamdia
1020 3577 1066 3646 uti
1082 3595 1305 3672 percurrerem,
1328 3583 1362 3648 dt
1377 3575 1399 3646 si
1412 3574 1679 3675 censereindignrs
1695 3580 1757 3647 irti-

437 3670 615 3768 presfione,
680 3692 779 3768 igeret
789 3675 824 3743 in
839 3697 933 3769 opere
946 3669 1091 3746 inchoato
1104 3724 1115 3756 ,
1138 3668 1184 3740 fin
1193 3670 1350 3769 indignas,
1364 3672 1522 3745 desisteret
1558 3671 1667 3771 Scripsi
1682 3672 1757 3744 stm-

442 3766 585 3861 pliciter‚
608 3792 626 3837 e
650 3771 779 3880 itionem
800 3771 930 3883 primam
952 3766 1039 3842 fuislc
1057 3772 1147 3868 plane
1169 3766 1584 3882 saculonollroindiguam,
1607 3766 1755 3882 &ipsum

444 3860 1760 4059 {fflfflffifflfflfflfflfflffiffiffiffiffissffiffi

443 4054 546 4124 tentiae
560 4049 657 4123 causas
672 4081 761 4126 meas.
788 4060 856 4142 Qui
869 4079 972 4129 tamen
986 4061 1027 4129 ita
1033 4061 1179 4143 metito,
1202 4059 1402 4154 mepraesente
1413 4055 1514 4156 quasi,
1538 4056 1760 4153 verbameasy-

444 4146 889 4245 cophtnticeinuliumsensum
901 4154 1082 4251 detorquere
1097 4151 1202 4240 audet,
1226 4151 1303 4250 quid
1316 4179 1383 4226 nori
1389 4156 1605 4226 molirenirme
1611 4160 1759 4228 mortuo?

443 4242 582 4344 Epistola
596 4244 748 4316 Baudiim
761 4271 815 4316 cur
829 4255 971 4319 movear?
997 4252 1165 4348 unicuique
1177 4246 1308 4320 liberum
1322 4248 1365 4320 est
1378 4245 1487 4322 sentire
1501 4248 1578 4349 quid
1589 4252 1672 4324 velit.
1720 4254 1762 4322 Et
1804 4323 1806 4328 ,

445 4339 632 4415 stultissimus
652 4340 726 4429 sim,
746 4342 773 4415 si
790 4345 884 4417 veliin
897 4344 1015 4443 ubique
1029 4341 1147 4418 auferre
1161 4341 1200 4417 ab
1212 4343 1358 4420 omnibus
1370 4368 1440 4422 tuce
1450 4344 1623 4448 legentibus
1636 4350 1767 4422 calcttlos

1660 4446 1759 4533 albos,
