<?xml version="1.0" encoding="UTF-8"?>
<!DOCTYPE html PUBLIC "-//W3C//DTD XHTML 1.0 Transitional//EN"
    "http://www.w3.org/TR/xhtml1/DTD/xhtml1-transitional.dtd">
<html xmlns="http://www.w3.org/1999/xhtml" xml:lang="en" lang="en">
 <head>
  <title>
</title>
<meta http-equiv="Content-Type" content="text/html;charset=utf-8" />
  <meta name='ocr-system' content='tesseract 3.04.00' />
  <meta name='ocr-capabilities' content='ocr_page ocr_carea ocr_par ocr_line ocrx_word'/>
</head>
<body>
  <div class='ocr_page' id='page_1' title='image "./marquardigudiie00burmgoog_0528.png"; bbox 0 0 4067 5425; ppageno 0'>
   <div class='ocr_carea' id='block_1_1' title="bbox 613 297 1563 395">
    <p class='ocr_par' dir='ltr' id='par_1_1' title="bbox 613 297 1563 395">
     <span class='ocr_line' id='line_1_1' title="bbox 613 297 1563 395; baseline -0.002 -25"><span class='ocrx_word' id='word_1_1' title='bbox 613 297 1266 372; x_wconf 54' lang='lat' dir='ltr'>nerstein„</span> <span class='ocrx_word' id='word_1_2' title='bbox 1518 309 1563 395; x_wconf 65' lang='grc' dir='ltr'>ι,</span> 
     </span>
    </p>
   </div>
   <div class='ocr_carea' id='block_1_2' title="bbox 242 413 1689 1274">
    <p class='ocr_par' dir='ltr' id='par_1_2' title="bbox 242 413 1689 1274">
     <span class='ocr_line' id='line_1_2' title="bbox 242 413 1564 590; baseline -0.005 -92"><span class='ocrx_word' id='word_1_3' title='bbox 242 451 331 513; x_wconf 78' lang='lat' dir='ltr'>eram</span> <span class='ocrx_word' id='word_1_4' title='bbox 348 422 470 522; x_wconf 83' lang='lat' dir='ltr'>Capelli</span> <span class='ocrx_word' id='word_1_5' title='bbox 492 446 560 495; x_wconf 88' lang='lat' dir='ltr'>non</span> <span class='ocrx_word' id='word_1_6' title='bbox 579 416 680 492; x_wconf 85' lang='lat' dir='ltr'>llatim</span> <span class='ocrx_word' id='word_1_7' title='bbox 694 415 761 489; x_wconf 85' lang='lat' dir='ltr'>istic</span> <span class='ocrx_word' id='word_1_8' title='bbox 777 413 915 489; x_wconf 78' lang='lat' dir='ltr'>excusam</span> <span class='ocrx_word' id='word_1_9' title='bbox 927 422 981 490; x_wconf 91' lang='lat' dir='ltr'>iri:</span> <span class='ocrx_word' id='word_1_10' title='bbox 1005 413 1057 489; x_wconf 89' lang='lat' dir='ltr'>sed</span> <span class='ocrx_word' id='word_1_11' title='bbox 1071 416 1217 533; x_wconf 73' lang='lat' dir='ltr'>habemus</span> <span class='ocrx_word' id='word_1_12' title='bbox 1228 419 1332 535; x_wconf 64' lang='lat' dir='ltr'>hiem</span> <span class='ocrx_word' id='word_1_13' title='bbox 1343 420 1441 590; x_wconf 67' lang='lat' dir='ltr'>qsum</span> <span class='ocrx_word' id='word_1_14' title='bbox 1455 449 1564 521; x_wconf 88' lang='lat' dir='ltr'>proto-</span> 
     </span>
     <span class='ocr_line' id='line_1_3' title="bbox 242 514 1563 691; baseline 0 -1"><span class='ocrx_word' id='word_1_15' title='bbox 242 514 992 690; x_wconf 54' lang='lat' dir='ltr'>‘lpiiai‘iiisiiiuiiiiim’uiiquid</span> <span class='ocrx_word' id='word_1_16' title='bbox 1003 514 1563 691; x_wconf 53' lang='lat' dir='ltr'>ll‘zllllsl&#39;ffdllall}</span> 
     </span>
     <span class='ocr_line' id='line_1_4' title="bbox 244 638 1565 821; baseline -0.001 -33"><span class='ocrx_word' id='word_1_17' title='bbox 244 645 417 821; x_wconf 59' lang='lat' dir='ltr'>istiusmodi</span> <span class='ocrx_word' id='word_1_18' title='bbox 439 688 653 797; x_wconf 62' lang='lat' dir='ltr'>&amp;ndumentis</span> <span class='ocrx_word' id='word_1_19' title='bbox 665 639 879 821; x_wconf 61' lang='lat' dir='ltr'>superstrustus</span> <span class='ocrx_word' id='word_1_20' title='bbox 902 638 964 796; x_wconf 74' lang='lat' dir='ltr'>es,</span> <span class='ocrx_word' id='word_1_21' title='bbox 987 709 1101 806; x_wconf 84' lang='lat' dir='ltr'>quibus</span> <span class='ocrx_word' id='word_1_22' title='bbox 1123 711 1160 782; x_wconf 80' lang='lat' dir='ltr'>ad</span> <span class='ocrx_word' id='word_1_23' title='bbox 1174 712 1356 784; x_wconf 85' lang='lat' dir='ltr'>calumniam</span> <span class='ocrx_word' id='word_1_24' title='bbox 1374 739 1507 810; x_wconf 87' lang='lat' dir='ltr'>pronum</span> <span class='ocrx_word' id='word_1_25' title='bbox 1521 715 1565 787; x_wconf 89' lang='lat' dir='ltr'>est</span> 
     </span>
     <span class='ocr_line' id='line_1_5' title="bbox 249 806 1563 975; baseline -0.004 -88"><span class='ocrx_word' id='word_1_26' title='bbox 249 818 315 887; x_wconf 85' lang='lat' dir='ltr'>it&#39;er.</span> <span class='ocrx_word' id='word_1_27' title='bbox 365 819 585 924; x_wconf 58' lang='lat' dir='ltr'>Veruntamen*</span> <span class='ocrx_word' id='word_1_28' title='bbox 602 806 752 975; x_wconf 85' lang='lat' dir='ltr'>quicquid</span> <span class='ocrx_word' id='word_1_29' title='bbox 766 809 964 918; x_wconf 76' lang='lat' dir='ltr'>minitentur,</span> <span class='ocrx_word' id='word_1_30' title='bbox 986 807 1102 921; x_wconf 79' lang='lat' dir='ltr'>collatis</span> <span class='ocrx_word' id='word_1_31' title='bbox 1115 806 1231 919; x_wconf 70' lang='lat' dir='ltr'>uiribus</span> <span class='ocrx_word' id='word_1_32' title='bbox 1244 836 1371 922; x_wconf 82' lang='lat' dir='ltr'>manum</span> <span class='ocrx_word' id='word_1_33' title='bbox 1386 809 1563 925; x_wconf 79' lang='lat' dir='ltr'>conserant,</span> 
     </span>
     <span class='ocr_line' id='line_1_6' title="bbox 248 900 1565 1005; baseline -0.002 -21"><span class='ocrx_word' id='word_1_34' title='bbox 248 919 282 984; x_wconf 81' lang='grc' dir='ltr'>δι</span> <span class='ocrx_word' id='word_1_35' title='bbox 303 906 534 982; x_wconf 86' lang='lat' dir='ltr'>Salmutrensem</span> <span class='ocrx_word' id='word_1_36' title='bbox 557 932 614 1005; x_wconf 83' lang='lat' dir='ltr'>pto</span> <span class='ocrx_word' id='word_1_37' title='bbox 628 900 755 977; x_wconf 87' lang='lat' dir='ltr'>cssorem</span> <span class='ocrx_word' id='word_1_38' title='bbox 775 901 1005 1003; x_wconf 83' lang='lat' dir='ltr'>aggrediantur,</span> <span class='ocrx_word' id='word_1_39' title='bbox 1028 903 1217 1003; x_wconf 81' lang='lat' dir='ltr'>unqurffnna</span> <span class='ocrx_word' id='word_1_40' title='bbox 1229 928 1286 977; x_wconf 81' lang='lat' dir='ltr'>erit</span> <span class='ocrx_word' id='word_1_41' title='bbox 1301 905 1354 977; x_wconf 82' lang='lat' dir='ltr'>illa</span> <span class='ocrx_word' id='word_1_42' title='bbox 1366 930 1565 981; x_wconf 77' lang='lat' dir='ltr'>concertatio</span> 
     </span>
     <span class='ocr_line' id='line_1_7' title="bbox 247 997 1564 1101; baseline -0.009 -20"><span class='ocrx_word' id='word_1_43' title='bbox 247 1013 304 1081; x_wconf 80' lang='lat' dir='ltr'>An</span> <span class='ocrx_word' id='word_1_44' title='bbox 331 1002 554 1079; x_wconf 80' lang='lat' dir='ltr'>Constantinus</span> <span class='ocrx_word' id='word_1_45' title='bbox 575 1009 745 1101; x_wconf 82' lang='lat' dir='ltr'>Imperator</span> <span class='ocrx_word' id='word_1_46' title='bbox 755 1025 812 1097; x_wconf 86' lang='lat' dir='ltr'>pro</span> <span class='ocrx_word' id='word_1_47' title='bbox 825 1001 1011 1097; x_wconf 71' lang='lat' dir='ltr'>pundorum</span> <span class='ocrx_word' id='word_1_48' title='bbox 1026 1005 1206 1099; x_wconf 85' lang='lat' dir='ltr'>antiquitate</span> <span class='ocrx_word' id='word_1_49' title='bbox 1217 997 1315 1073; x_wconf 83' lang='lat' dir='ltr'>adhuc</span> <span class='ocrx_word' id='word_1_50' title='bbox 1328 1012 1470 1101; x_wconf 80' lang='lat' dir='ltr'>pugnat?</span> <span class='ocrx_word' id='word_1_51' title='bbox 1503 1007 1564 1076; x_wconf 70' lang='lat' dir='ltr'>Na:</span> 
     </span>
     <span class='ocr_line' id='line_1_8' title="bbox 245 1094 1689 1274; baseline -0.006 -98"><span class='ocrx_word' id='word_1_52' title='bbox 245 1108 414 1274; x_wconf 67' lang='lat' dir='ltr'>qlurimum</span> <span class='ocrx_word' id='word_1_53' title='bbox 430 1103 593 1173; x_wconf 85' lang='lat' dir='ltr'>imminuta</span> <span class='ocrx_word' id='word_1_54' title='bbox 607 1105 669 1187; x_wconf 89' lang='lat' dir='ltr'>ejus</span> <span class='ocrx_word' id='word_1_55' title='bbox 680 1098 760 1193; x_wconf 79' lang='lat' dir='ltr'>apud</span> <span class='ocrx_word' id='word_1_56' title='bbox 775 1121 825 1166; x_wconf 90' lang='lat' dir='ltr'>me</span> <span class='ocrx_word' id='word_1_57' title='bbox 839 1094 883 1165; x_wconf 90' lang='lat' dir='ltr'>est</span> <span class='ocrx_word' id='word_1_58' title='bbox 895 1096 1047 1187; x_wconf 84' lang='lat' dir='ltr'>eruditio,</span> <span class='ocrx_word' id='word_1_59' title='bbox 1071 1101 1206 1170; x_wconf 89' lang='lat' dir='ltr'>inventis</span> <span class='ocrx_word' id='word_1_60' title='bbox 1218 1100 1360 1196; x_wconf 79' lang='lat' dir='ltr'>glandem</span> <span class='ocrx_word' id='word_1_61' title='bbox 1375 1102 1431 1199; x_wconf 89' lang='lat' dir='ltr'>qui</span> <span class='ocrx_word' id='word_1_62' title='bbox 1444 1099 1564 1173; x_wconf 84' lang='lat' dir='ltr'>nonfa-</span> <span class='ocrx_word' id='word_1_63' title='bbox 1686 1162 1689 1167; x_wconf 83' lang='lat'><em>.</em></span> 
     </span>
    </p>
   </div>
   <div class='ocr_carea' id='block_1_3' title="bbox 274 1190 1717 1295">
    <p class='ocr_par' dir='ltr' id='par_1_3' title="bbox 274 1190 1717 1295">
     <span class='ocr_line' id='line_1_9' title="bbox 274 1190 1717 1295; baseline -0.005 -23"><span class='ocrx_word' id='word_1_64' title='bbox 274 1200 329 1279; x_wconf 85' lang='lat' dir='ltr'>idit</span> <span class='ocrx_word' id='word_1_65' title='bbox 350 1198 454 1283; x_wconf 76' lang='lat' dir='ltr'>aristis.</span> <span class='ocrx_word' id='word_1_66' title='bbox 503 1194 670 1269; x_wconf 87' lang='lat' dir='ltr'>Oblatrent</span> <span class='ocrx_word' id='word_1_67' title='bbox 681 1213 831 1292; x_wconf 87' lang='lat' dir='ltr'>quantum</span> <span class='ocrx_word' id='word_1_68' title='bbox 847 1190 959 1277; x_wconf 74' lang='lat' dir='ltr'>velint,</span> <span class='ocrx_word' id='word_1_69' title='bbox 974 1194 1116 1292; x_wconf 61' lang='lat' dir='ltr'>risuique</span> <span class='ocrx_word' id='word_1_70' title='bbox 1130 1199 1241 1267; x_wconf 83' lang='lat' dir='ltr'>canino</span> <span class='ocrx_word' id='word_1_71' title='bbox 1252 1196 1457 1295; x_wconf 77' lang='lat' dir='ltr'>obganniunt,</span> <span class='ocrx_word' id='word_1_72' title='bbox 1480 1225 1565 1273; x_wconf 87' lang='lat' dir='ltr'>nun-</span> <span class='ocrx_word' id='word_1_73' title='bbox 1714 1266 1717 1275; x_wconf 70' lang='grc'>,</span> 
     </span>
    </p>
   </div>
   <div class='ocr_carea' id='block_1_4' title="bbox 182 1288 1646 2365">
    <p class='ocr_par' dir='ltr' id='par_1_4' title="bbox 182 1288 1646 2365">
     <span class='ocr_line' id='line_1_10' title="bbox 248 1288 1565 1403; baseline -0.005 -31"><span class='ocrx_word' id='word_1_74' title='bbox 248 1326 341 1403; x_wconf 86' lang='lat' dir='ltr'>quam</span> <span class='ocrx_word' id='word_1_75' title='bbox 356 1293 588 1369; x_wconf 87' lang='lat' dir='ltr'>admordebunt</span> <span class='ocrx_word' id='word_1_76' title='bbox 613 1288 780 1361; x_wconf 85' lang='lat' dir='ltr'>Dissentire</span> <span class='ocrx_word' id='word_1_77' title='bbox 793 1316 810 1360; x_wconf 89' lang='lat' dir='ltr'>a</span> <span class='ocrx_word' id='word_1_78' title='bbox 823 1288 891 1359; x_wconf 85' lang='lat' dir='ltr'>viro</span> <span class='ocrx_word' id='word_1_79' title='bbox 903 1289 1077 1363; x_wconf 70' lang='lat' dir='ltr'>doctissimo</span> <span class='ocrx_word' id='word_1_80' title='bbox 1089 1294 1185 1362; x_wconf 83' lang='lat' dir='ltr'>cuivis</span> <span class='ocrx_word' id='word_1_81' title='bbox 1195 1292 1327 1385; x_wconf 85' lang='lat' dir='ltr'>liberum</span> <span class='ocrx_word' id='word_1_82' title='bbox 1341 1292 1402 1382; x_wconf 86' lang='lat' dir='ltr'>est,</span> <span class='ocrx_word' id='word_1_83' title='bbox 1423 1292 1474 1364; x_wconf 87' lang='lat' dir='ltr'>sed</span> <span class='ocrx_word' id='word_1_84' title='bbox 1489 1321 1565 1367; x_wconf 88' lang='lat' dir='ltr'>eum</span> 
     </span>
     <span class='ocr_line' id='line_1_11' title="bbox 248 1384 1564 1487; baseline -0.004 -19"><span class='ocrx_word' id='word_1_85' title='bbox 248 1398 355 1468; x_wconf 85' lang='lat' dir='ltr'>erroris</span> <span class='ocrx_word' id='word_1_86' title='bbox 368 1395 523 1465; x_wconf 85' lang='lat' dir='ltr'>revincere</span> <span class='ocrx_word' id='word_1_87' title='bbox 536 1390 571 1461; x_wconf 94' lang='lat' dir='ltr'>in</span> <span class='ocrx_word' id='word_1_88' title='bbox 582 1384 637 1459; x_wconf 83' lang='lat' dir='ltr'>suo</span> <span class='ocrx_word' id='word_1_89' title='bbox 651 1391 775 1461; x_wconf 75' lang='lat' dir='ltr'>Arcam</span> <span class='ocrx_word' id='word_1_90' title='bbox 781 1384 990 1487; x_wconf 69' lang='lat' dir='ltr'>Punslationis</span> <span class='ocrx_word' id='word_1_91' title='bbox 996 1389 1145 1479; x_wconf 66' lang='lat' dir='ltr'>Regelato</span> <span class='ocrx_word' id='word_1_92' title='bbox 1150 1385 1219 1485; x_wconf 87' lang='lat' dir='ltr'>post</span> <span class='ocrx_word' id='word_1_93' title='bbox 1229 1387 1440 1477; x_wconf 85' lang='lat' dir='ltr'>Buxtorfium‚</span> <span class='ocrx_word' id='word_1_94' title='bbox 1458 1392 1490 1463; x_wconf 94' lang='lat' dir='ltr'>id</span> <span class='ocrx_word' id='word_1_95' title='bbox 1497 1417 1564 1463; x_wconf 88' lang='lat' dir='ltr'>non</span> 
     </span>
     <span class='ocr_line' id='line_1_12' title="bbox 248 1484 1568 1655; baseline -0.005 -90"><span class='ocrx_word' id='word_1_96' title='bbox 248 1490 352 1565; x_wconf 81' lang='lat' dir='ltr'>ausum</span> <span class='ocrx_word' id='word_1_97' title='bbox 368 1492 437 1588; x_wconf 85' lang='lat' dir='ltr'>quis</span> <span class='ocrx_word' id='word_1_98' title='bbox 450 1487 580 1559; x_wconf 84' lang='lat' dir='ltr'>audeat?</span> <span class='ocrx_word' id='word_1_99' title='bbox 607 1484 684 1559; x_wconf 72' lang='lat' dir='ltr'>the</span> <span class='ocrx_word' id='word_1_100' title='bbox 698 1503 732 1554; x_wconf 89' lang='lat' dir='ltr'>tu</span> <span class='ocrx_word' id='word_1_101' title='bbox 749 1504 906 1554; x_wconf 85' lang='lat' dir='ltr'>cumtuaa</span> <span class='ocrx_word' id='word_1_102' title='bbox 924 1510 976 1555; x_wconf 88' lang='lat' dir='ltr'>tne</span> <span class='ocrx_word' id='word_1_103' title='bbox 982 1512 1123 1583; x_wconf 86' lang='lat' dir='ltr'>meaque.</span> <span class='ocrx_word' id='word_1_104' title='bbox 1148 1489 1275 1579; x_wconf 73' lang='lat' dir='ltr'>Lutetiae</span> <span class='ocrx_word' id='word_1_105' title='bbox 1285 1484 1568 1655; x_wconf 49' lang='lat' dir='ltr'>Paristorauthtlii</span> 
     </span>
     <span class='ocr_line' id='line_1_13' title="bbox 252 1578 1563 1686; baseline -0.004 -26"><span class='ocrx_word' id='word_1_106' title='bbox 252 1600 352 1686; x_wconf 77' lang='lat'><em>1644</em></span> <span class='ocrx_word' id='word_1_107' title='bbox 401 1581 630 1681; x_wconf 75' lang='lat' dir='ltr'>Expostulantis</span> <span class='ocrx_word' id='word_1_108' title='bbox 653 1580 834 1652; x_wconf 85' lang='lat' dir='ltr'>inmodurn</span> <span class='ocrx_word' id='word_1_109' title='bbox 849 1578 929 1657; x_wconf 83' lang='lat' dir='ltr'>dixit</span> <span class='ocrx_word' id='word_1_110' title='bbox 944 1581 1366 1681; x_wconf 65' lang='lat' dir='ltr'>assumpturum-Talarus</span> <span class='ocrx_word' id='word_1_111' title='bbox 1378 1608 1474 1680; x_wconf 81' lang='lat' dir='ltr'>perte</span> <span class='ocrx_word' id='word_1_112' title='bbox 1544 1611 1563 1656; x_wconf 91' lang='lat' dir='ltr'>e</span> 
     </span>
     <span class='ocr_line' id='line_1_14' title="bbox 182 1675 1568 1792; baseline -0.004 -34"><span class='ocrx_word' id='word_1_113' title='bbox 182 1676 196 1705; x_wconf 77' lang='lat'>&#39;</span> <span class='ocrx_word' id='word_1_114' title='bbox 250 1687 418 1785; x_wconf 81' lang='lat' dir='ltr'>quominus</span> <span class='ocrx_word' id='word_1_115' title='bbox 438 1682 572 1759; x_wconf 86' lang='lat' dir='ltr'>omnino</span> <span class='ocrx_word' id='word_1_116' title='bbox 593 1679 743 1776; x_wconf 87' lang='lat' dir='ltr'>repatries.</span> <span class='ocrx_word' id='word_1_117' title='bbox 783 1675 877 1790; x_wconf 31' lang='lat' dir='ltr'>&#39;Vide</span> <span class='ocrx_word' id='word_1_118' title='bbox 898 1677 975 1776; x_wconf 87' lang='lat' dir='ltr'>quid</span> <span class='ocrx_word' id='word_1_119' title='bbox 996 1680 1047 1750; x_wconf 90' lang='lat' dir='ltr'>ille</span> <span class='ocrx_word' id='word_1_120' title='bbox 1065 1706 1082 1750; x_wconf 89' lang='lat' dir='ltr'>a</span> <span class='ocrx_word' id='word_1_121' title='bbox 1102 1701 1134 1750; x_wconf 88' lang='lat' dir='ltr'>te</span> <span class='ocrx_word' id='word_1_122' title='bbox 1147 1683 1298 1792; x_wconf 77' lang='lat' dir='ltr'>exegerit,</span> <span class='ocrx_word' id='word_1_123' title='bbox 1321 1687 1354 1751; x_wconf 85' lang='lat'>&amp;</span> <span class='ocrx_word' id='word_1_124' title='bbox 1368 1681 1504 1752; x_wconf 84' lang='lat' dir='ltr'>concede</span> <span class='ocrx_word' id='word_1_125' title='bbox 1516 1683 1568 1753; x_wconf 89' lang='lat' dir='ltr'>vel</span> 
     </span>
     <span class='ocr_line' id='line_1_15' title="bbox 246 1774 1568 1963; baseline -0.003 -14"><span class='ocrx_word' id='word_1_126' title='bbox 246 1776 918 1951; x_wconf 50' lang='lat' dir='ltr'>stridensstridens</span> <span class='ocrx_word' id='word_1_127' title='bbox 935 1779 1323 1963; x_wconf 59' lang='lat' dir='ltr'>iasiisiaiui‘ii&#39;</span> <span class='ocrx_word' id='word_1_128' title='bbox 1346 1774 1568 1945; x_wconf 49' lang='lat' dir='ltr'>iiiiii?</span> 
     </span>
     <span class='ocr_line' id='line_1_16' title="bbox 247 1962 1563 2068; baseline -0.004 -23"><span class='ocrx_word' id='word_1_129' title='bbox 247 1976 349 2049; x_wconf 86' lang='lat' dir='ltr'>nicam</span> <span class='ocrx_word' id='word_1_130' title='bbox 374 1970 541 2063; x_wconf 77' lang='lat' dir='ltr'>Censiuam</span> <span class='ocrx_word' id='word_1_131' title='bbox 565 1968 774 2041; x_wconf 80' lang='lat' dir='ltr'>Romanenses</span> <span class='ocrx_word' id='word_1_132' title='bbox 796 1962 933 2065; x_wconf 82' lang='lat' dir='ltr'>adversus</span> <span class='ocrx_word' id='word_1_133' title='bbox 956 1970 1158 2041; x_wconf 88' lang='lat' dir='ltr'>Milleterium</span> <span class='ocrx_word' id='word_1_134' title='bbox 1182 1967 1342 2068; x_wconf 86' lang='lat' dir='ltr'>insurgunt</span> <span class='ocrx_word' id='word_1_135' title='bbox 1363 1967 1432 2041; x_wconf 89' lang='lat' dir='ltr'>satis</span> <span class='ocrx_word' id='word_1_136' title='bbox 1446 1976 1563 2041; x_wconf 88' lang='lat' dir='ltr'>acriter.</span> 
     </span>
     <span class='ocr_line' id='line_1_17' title="bbox 247 2061 1568 2166; baseline -0.007 -19"><span class='ocrx_word' id='word_1_137' title='bbox 247 2072 320 2147; x_wconf 82' lang='lat' dir='ltr'>Hos</span> <span class='ocrx_word' id='word_1_138' title='bbox 343 2075 423 2141; x_wconf 89' lang='lat' dir='ltr'>inter</span> <span class='ocrx_word' id='word_1_139' title='bbox 445 2067 548 2140; x_wconf 90' lang='lat' dir='ltr'>nescio</span> <span class='ocrx_word' id='word_1_140' title='bbox 566 2071 636 2166; x_wconf 90' lang='lat' dir='ltr'>quis</span> <span class='ocrx_word' id='word_1_141' title='bbox 651 2062 797 2137; x_wconf 88' lang='lat' dir='ltr'>Binardus</span> <span class='ocrx_word' id='word_1_142' title='bbox 814 2061 980 2161; x_wconf 81' lang='lat' dir='ltr'>Presbyter.</span> <span class='ocrx_word' id='word_1_143' title='bbox 1004 2065 1100 2137; x_wconf 82' lang='lat' dir='ltr'>Haud</span> <span class='ocrx_word' id='word_1_144' title='bbox 1114 2065 1193 2137; x_wconf 91' lang='lat' dir='ltr'>belle</span> <span class='ocrx_word' id='word_1_145' title='bbox 1207 2091 1279 2138; x_wconf 88' lang='lat' dir='ltr'>cum</span> <span class='ocrx_word' id='word_1_146' title='bbox 1294 2069 1491 2138; x_wconf 82' lang='lat' dir='ltr'>conciliatore</span> <span class='ocrx_word' id='word_1_147' title='bbox 1505 2071 1568 2163; x_wconf 79' lang='lat' dir='ltr'>ogit</span> 
     </span>
     <span class='ocr_line' id='line_1_18' title="bbox 246 2162 1646 2259; baseline -0.001 -21"><span class='ocrx_word' id='word_1_148' title='bbox 246 2170 282 2238; x_wconf 91' lang='lat' dir='ltr'>in</span> <span class='ocrx_word' id='word_1_149' title='bbox 295 2162 437 2240; x_wconf 81' lang='lat' dir='ltr'>Paraeneli</span> <span class='ocrx_word' id='word_1_150' title='bbox 451 2165 487 2235; x_wconf 83' lang='lat' dir='ltr'>ad</span> <span class='ocrx_word' id='word_1_151' title='bbox 502 2168 551 2236; x_wconf 87' lang='lat' dir='ltr'>Re</span> <span class='ocrx_word' id='word_1_152' title='bbox 576 2168 657 2237; x_wconf 85' lang='lat' dir='ltr'>&#39;nam</span> <span class='ocrx_word' id='word_1_153' title='bbox 665 2216 677 2250; x_wconf 90' lang='lat'>‚</span> <span class='ocrx_word' id='word_1_154' title='bbox 691 2165 742 2234; x_wconf 90' lang='lat' dir='ltr'>cui</span> <span class='ocrx_word' id='word_1_155' title='bbox 752 2163 916 2259; x_wconf 83' lang='lat' dir='ltr'>gratulatur</span> <span class='ocrx_word' id='word_1_156' title='bbox 930 2188 967 2234; x_wconf 84' lang='lat' dir='ltr'>ea</span> <span class='ocrx_word' id='word_1_157' title='bbox 981 2163 1118 2235; x_wconf 80' lang='lat' dir='ltr'>Galliam</span> <span class='ocrx_word' id='word_1_158' title='bbox 1125 2164 1303 2236; x_wconf 87' lang='lat' dir='ltr'>moderante</span> <span class='ocrx_word' id='word_1_159' title='bbox 1310 2163 1387 2235; x_wconf 89' lang='lat' dir='ltr'>hanc</span> <span class='ocrx_word' id='word_1_160' title='bbox 1395 2163 1565 2236; x_wconf 75' lang='lat' dir='ltr'>doctrinan</span> <span class='ocrx_word' id='word_1_161' title='bbox 1643 2180 1646 2191; x_wconf 83' lang='grc'>’</span> 
     </span>
     <span class='ocr_line' id='line_1_19' title="bbox 248 2192 1553 2365; baseline 0.002 -32"><span class='ocrx_word' id='word_1_162' title='bbox 248 2192 623 2365; x_wconf 61' lang='lat' dir='ltr'>compreffimtcclsin„</span> <span class='ocrx_word' id='word_1_163' title='bbox 1430 2298 1433 2303; x_wconf 94' lang='lat'>·</span> <span class='ocrx_word' id='word_1_164' title='bbox 1550 2332 1553 2336; x_wconf 20' lang='lat' dir='ltr'>r</span> 
     </span>
    </p>
   </div>
   <div class='ocr_carea' id='block_1_5' title="bbox 542 2398 1245 2472">
    <p class='ocr_par' dir='ltr' id='par_1_5' title="bbox 542 2398 1245 2472">
     <span class='ocr_line' id='line_1_20' title="bbox 542 2398 1245 2472; baseline -0.001 -3"><span class='ocrx_word' id='word_1_165' title='bbox 542 2398 956 2471; x_wconf 85' lang='lat' dir='ltr'><strong>·EPISTOLA</strong></span> <span class='ocrx_word' id='word_1_166' title='bbox 1005 2403 1245 2472; x_wconf 83' lang='lat' dir='ltr'>LXXXVII.</span> 
     </span>
    </p>
   </div>
   <div class='ocr_carea' id='block_1_6' title="bbox 342 2512 1533 2818">
    <p class='ocr_par' dir='ltr' id='par_1_6' title="bbox 342 2512 1533 2818">
     <span class='ocr_line' id='line_1_21' title="bbox 342 2512 1533 2671; baseline -0.003 -28"><span class='ocrx_word' id='word_1_167' title='bbox 342 2512 1533 2671; x_wconf 67' lang='lat' dir='ltr'>CL.sanAv&#39;1&#39;us</span> 
     </span>
     <span class='ocr_line' id='line_1_22' title="bbox 619 2692 1375 2818; baseline -0.007 -54"><span class='ocrx_word' id='word_1_168' title='bbox 619 2735 623 2740; x_wconf 85' lang='lat'><em>-</em></span> <span class='ocrx_word' id='word_1_169' title='bbox 760 2693 890 2818; x_wconf 60' lang='lat' dir='ltr'>clauda</span> <span class='ocrx_word' id='word_1_170' title='bbox 915 2692 1072 2790; x_wconf 60' lang='lat' dir='ltr'>sarman.</span> <span class='ocrx_word' id='word_1_171' title='bbox 1282 2692 1287 2701; x_wconf 80' lang='lat'><strong>·</strong></span> <span class='ocrx_word' id='word_1_172' title='bbox 1370 2700 1375 2712; x_wconf 71' lang='grc'><em>’</em></span> 
     </span>
    </p>
   </div>
   <div class='ocr_carea' id='block_1_7' title="bbox 249 2823 1621 4533">
    <p class='ocr_par' dir='ltr' id='par_1_7' title="bbox 288 2823 1196 2896">
     <span class='ocr_line' id='line_1_23' title="bbox 288 2823 1196 2896; baseline -0.008 -17"><span class='ocrx_word' id='word_1_173' title='bbox 288 2823 446 2896; x_wconf 75' lang='lat' dir='ltr'>Lugdunum</span> <span class='ocrx_word' id='word_1_174' title='bbox 461 2824 635 2874; x_wconf 75' lang='lat' dir='ltr'>Batavorum·</span> <span class='ocrx_word' id='word_1_175' title='bbox 774 2825 777 2832; x_wconf 88' lang='lat'>&#39;</span> <span class='ocrx_word' id='word_1_176' title='bbox 813 2851 819 2862; x_wconf 80' lang='lat'>=</span> <span class='ocrx_word' id='word_1_177' title='bbox 1051 2855 1057 2860; x_wconf 89' lang='lat'>-</span> <span class='ocrx_word' id='word_1_178' title='bbox 1193 2829 1196 2834; x_wconf 81' lang='grc'>’</span> 
     </span>
    </p>

    <p class='ocr_par' dir='ltr' id='par_1_8' title="bbox 249 2907 1603 3786">
     <span class='ocr_line' id='line_1_24' title="bbox 324 2907 1569 3011; baseline 0.001 -24"><span class='ocrx_word' id='word_1_179' title='bbox 324 2921 440 2988; x_wconf 83' lang='lat' dir='ltr'>Arcam</span> <span class='ocrx_word' id='word_1_180' title='bbox 456 2911 601 3009; x_wconf 83' lang='lat' dir='ltr'>deinceps</span> <span class='ocrx_word' id='word_1_181' title='bbox 617 2910 676 2983; x_wconf 90' lang='lat' dir='ltr'>tibi</span> <span class='ocrx_word' id='word_1_182' title='bbox 695 2907 867 3008; x_wconf 86' lang='lat' dir='ltr'>obstrepere</span> <span class='ocrx_word' id='word_1_183' title='bbox 887 2911 924 2983; x_wconf 87' lang='lat' dir='ltr'>de</span> <span class='ocrx_word' id='word_1_184' title='bbox 948 2909 1084 3010; x_wconf 80' lang='lat' dir='ltr'>epistolis</span> <span class='ocrx_word' id='word_1_185' title='bbox 1097 2909 1250 3011; x_wconf 84' lang='lat' dir='ltr'>scriptisve</span> <span class='ocrx_word' id='word_1_186' title='bbox 1261 2919 1338 3010; x_wconf 87' lang='lat' dir='ltr'>tuis,</span> <span class='ocrx_word' id='word_1_187' title='bbox 1363 2941 1436 2989; x_wconf 88' lang='lat' dir='ltr'>cum</span> <span class='ocrx_word' id='word_1_188' title='bbox 1448 2918 1569 2989; x_wconf 84' lang='lat' dir='ltr'>videam</span> 
     </span>
     <span class='ocr_line' id='line_1_25' title="bbox 252 2933 1570 3113; baseline 0.001 -29"><span class='ocrx_word' id='word_1_189' title='bbox 252 2933 492 3087; x_wconf 82' lang='lat' dir='ltr'>Plibertatem</span> <span class='ocrx_word' id='word_1_190' title='bbox 510 3035 611 3080; x_wconf 89' lang='lat' dir='ltr'>meam</span> <span class='ocrx_word' id='word_1_191' title='bbox 624 3006 794 3080; x_wconf 87' lang='lat' dir='ltr'>molestiam</span> <span class='ocrx_word' id='word_1_192' title='bbox 809 3007 868 3079; x_wconf 86' lang='lat' dir='ltr'>tibi</span> <span class='ocrx_word' id='word_1_193' title='bbox 882 3034 990 3080; x_wconf 77' lang='lat' dir='ltr'>creare.</span> <span class='ocrx_word' id='word_1_194' title='bbox 1015 3013 1182 3107; x_wconf 86' lang='lat' dir='ltr'>Accipiam</span> <span class='ocrx_word' id='word_1_195' title='bbox 1189 3038 1261 3083; x_wconf 91' lang='lat' dir='ltr'>cum</span> <span class='ocrx_word' id='word_1_196' title='bbox 1268 3018 1382 3085; x_wconf 87' lang='lat' dir='ltr'>caeteris</span> <span class='ocrx_word' id='word_1_197' title='bbox 1390 3040 1458 3113; x_wconf 85' lang='lat' dir='ltr'>quae</span> <span class='ocrx_word' id='word_1_198' title='bbox 1464 3021 1570 3085; x_wconf 90' lang='lat' dir='ltr'>omni-</span> 
     </span>
     <span class='ocr_line' id='line_1_26' title="bbox 249 3101 1570 3205; baseline -0.002 -22"><span class='ocrx_word' id='word_1_199' title='bbox 249 3112 306 3183; x_wconf 91' lang='lat' dir='ltr'>bus</span> <span class='ocrx_word' id='word_1_200' title='bbox 328 3108 431 3192; x_wconf 81' lang='lat' dir='ltr'>dabis,</span> <span class='ocrx_word' id='word_1_201' title='bbox 455 3132 513 3176; x_wconf 91' lang='lat' dir='ltr'>nec</span> <span class='ocrx_word' id='word_1_202' title='bbox 537 3104 725 3203; x_wconf 83' lang='lat' dir='ltr'>inposterum</span> <span class='ocrx_word' id='word_1_203' title='bbox 737 3101 863 3176; x_wconf 88' lang='lat' dir='ltr'>sollicite</span> <span class='ocrx_word' id='word_1_204' title='bbox 878 3109 1034 3204; x_wconf 86' lang='lat' dir='ltr'>inquiram</span> <span class='ocrx_word' id='word_1_205' title='bbox 1049 3109 1083 3177; x_wconf 93' lang='lat' dir='ltr'>in</span> <span class='ocrx_word' id='word_1_206' title='bbox 1100 3106 1250 3180; x_wconf 80' lang='lat' dir='ltr'>Musaeum</span> <span class='ocrx_word' id='word_1_207' title='bbox 1263 3133 1363 3194; x_wconf 83' lang='lat' dir='ltr'>tuum.</span> <span class='ocrx_word' id='word_1_208' title='bbox 1413 3110 1510 3205; x_wconf 84' lang='lat' dir='ltr'>Quod</span> <span class='ocrx_word' id='word_1_209' title='bbox 1523 3134 1570 3188; x_wconf 85' lang='lat' dir='ltr'>ta-</span> 
     </span>
     <span class='ocr_line' id='line_1_27' title="bbox 249 3200 1569 3307; baseline -0.001 -28"><span class='ocrx_word' id='word_1_210' title='bbox 249 3235 322 3279; x_wconf 88' lang='lat' dir='ltr'>men</span> <span class='ocrx_word' id='word_1_211' title='bbox 334 3203 435 3303; x_wconf 85' lang='lat' dir='ltr'>scripsi</span> <span class='ocrx_word' id='word_1_212' title='bbox 450 3202 489 3292; x_wconf 83' lang='lat' dir='ltr'>de</span> <span class='ocrx_word' id='word_1_213' title='bbox 504 3203 615 3273; x_wconf 76' lang='lat' dir='ltr'>Comae</span> <span class='ocrx_word' id='word_1_214' title='bbox 628 3225 690 3288; x_wconf 78' lang='lat' dir='ltr'>tuae</span> <span class='ocrx_word' id='word_1_215' title='bbox 718 3203 883 3288; x_wconf 87' lang='lat' dir='ltr'>rolixitate,</span> <span class='ocrx_word' id='word_1_216' title='bbox 906 3200 1196 3294; x_wconf 84' lang='lat' dir='ltr'>Bonoanirnofeci,</span> <span class='ocrx_word' id='word_1_217' title='bbox 1221 3211 1254 3274; x_wconf 71' lang='lat' dir='ltr'>dc</span> <span class='ocrx_word' id='word_1_218' title='bbox 1264 3204 1332 3304; x_wconf 84' lang='lat' dir='ltr'>post</span> <span class='ocrx_word' id='word_1_219' title='bbox 1339 3210 1430 3294; x_wconf 90' lang='lat' dir='ltr'>alios,</span> <span class='ocrx_word' id='word_1_220' title='bbox 1446 3206 1569 3307; x_wconf 71' lang='lat' dir='ltr'>quibo&lt;</span> 
     </span>
     <span class='ocr_line' id='line_1_28' title="bbox 249 3228 1570 3397; baseline 0.002 -22"><span class='ocrx_word' id='word_1_221' title='bbox 249 3332 348 3394; x_wconf 84' lang='lat' dir='ltr'>untun</span> <span class='ocrx_word' id='word_1_222' title='bbox 364 3306 442 3372; x_wconf 91' lang='lat' dir='ltr'>inte</span> <span class='ocrx_word' id='word_1_223' title='bbox 458 3303 599 3397; x_wconf 82' lang='lat' dir='ltr'>culpant,</span> <span class='ocrx_word' id='word_1_224' title='bbox 616 3228 767 3397; x_wconf 70' lang='lat' dir='ltr'>quorsum</span> <span class='ocrx_word' id='word_1_225' title='bbox 778 3300 863 3368; x_wconf 81' lang='lat' dir='ltr'>tollas</span> <span class='ocrx_word' id='word_1_226' title='bbox 875 3325 1002 3370; x_wconf 86' lang='lat' dir='ltr'>manum</span> <span class='ocrx_word' id='word_1_227' title='bbox 1015 3300 1054 3371; x_wconf 89' lang='lat' dir='ltr'>de</span> <span class='ocrx_word' id='word_1_228' title='bbox 1068 3299 1175 3372; x_wconf 87' lang='lat' dir='ltr'>tabula.</span> <span class='ocrx_word' id='word_1_229' title='bbox 1198 3304 1570 3378; x_wconf 80' lang='lat' dir='ltr'>DumadComamtutm</span> 
     </span>
     <span class='ocr_line' id='line_1_29' title="bbox 249 3391 1572 3497; baseline 0 -25"><span class='ocrx_word' id='word_1_230' title='bbox 249 3427 302 3473; x_wconf 89' lang='lat' dir='ltr'>me</span> <span class='ocrx_word' id='word_1_231' title='bbox 324 3402 470 3495; x_wconf 84' lang='lat' dir='ltr'>accingo,</span> <span class='ocrx_word' id='word_1_232' title='bbox 494 3395 634 3493; x_wconf 83' lang='lat' dir='ltr'>legebam</span> <span class='ocrx_word' id='word_1_233' title='bbox 649 3395 761 3465; x_wconf 88' lang='lat' dir='ltr'>heri&amp;</span> <span class='ocrx_word' id='word_1_234' title='bbox 777 3391 870 3464; x_wconf 89' lang='lat' dir='ltr'>bodie</span> <span class='ocrx_word' id='word_1_235' title='bbox 882 3397 1077 3467; x_wconf 81' lang='lat' dir='ltr'>Hadrianum</span> <span class='ocrx_word' id='word_1_236' title='bbox 1090 3398 1238 3497; x_wconf 72' lang='lat' dir='ltr'>junium,</span> <span class='ocrx_word' id='word_1_237' title='bbox 1263 3403 1318 3497; x_wconf 92' lang='lat' dir='ltr'>qui</span> <span class='ocrx_word' id='word_1_238' title='bbox 1332 3401 1440 3472; x_wconf 89' lang='lat' dir='ltr'>itidem</span> <span class='ocrx_word' id='word_1_239' title='bbox 1455 3403 1493 3472; x_wconf 90' lang='lat' dir='ltr'>de</span> <span class='ocrx_word' id='word_1_240' title='bbox 1503 3405 1572 3472; x_wconf 89' lang='lat' dir='ltr'>Co-</span> 
     </span>
     <span class='ocr_line' id='line_1_30' title="bbox 251 3489 1603 3596; baseline -0.002 -26"><span class='ocrx_word' id='word_1_241' title='bbox 251 3523 301 3570; x_wconf 87' lang='lat' dir='ltr'>ma</span> <span class='ocrx_word' id='word_1_242' title='bbox 322 3495 365 3566; x_wconf 87' lang='lat' dir='ltr'>est</span> <span class='ocrx_word' id='word_1_243' title='bbox 386 3515 635 3565; x_wconf 84' lang='lat' dir='ltr'>commentatus:</span> <span class='ocrx_word' id='word_1_244' title='bbox 659 3499 753 3589; x_wconf 83' lang='lat' dir='ltr'>pauca</span> <span class='ocrx_word' id='word_1_245' title='bbox 773 3489 811 3560; x_wconf 91' lang='lat' dir='ltr'>de</span> <span class='ocrx_word' id='word_1_246' title='bbox 826 3494 995 3563; x_wconf 86' lang='lat' dir='ltr'>innumeris</span> <span class='ocrx_word' id='word_1_247' title='bbox 1009 3493 1181 3596; x_wconf 78' lang='lat' dir='ltr'>decerpsit,</span> <span class='ocrx_word' id='word_1_248' title='bbox 1205 3501 1238 3563; x_wconf 87' lang='lat'>&amp;</span> <span class='ocrx_word' id='word_1_249' title='bbox 1252 3517 1355 3567; x_wconf 85' lang='lat' dir='ltr'>tamen</span> <span class='ocrx_word' id='word_1_250' title='bbox 1371 3499 1517 3593; x_wconf 87' lang='lat' dir='ltr'>grandem</span> <span class='ocrx_word' id='word_1_251' title='bbox 1533 3501 1572 3567; x_wconf 89' lang='lat' dir='ltr'>li-</span> <span class='ocrx_word' id='word_1_252' title='bbox 1601 3537 1603 3542; x_wconf 59' lang='lat'>&gt;</span> 
     </span>
     <span class='ocr_line' id='line_1_31' title="bbox 249 3582 1571 3691; baseline -0.002 -25"><span class='ocrx_word' id='word_1_253' title='bbox 249 3594 342 3666; x_wconf 89' lang='lat' dir='ltr'>brum</span> <span class='ocrx_word' id='word_1_254' title='bbox 356 3595 491 3662; x_wconf 78' lang='lat' dir='ltr'>exaravit.</span> <span class='ocrx_word' id='word_1_255' title='bbox 540 3589 643 3660; x_wconf 90' lang='lat' dir='ltr'>Modo</span> <span class='ocrx_word' id='word_1_256' title='bbox 655 3589 750 3659; x_wconf 83' lang='lat' dir='ltr'>valeas</span> <span class='ocrx_word' id='word_1_257' title='bbox 762 3593 795 3657; x_wconf 89' lang='lat'>&amp;</span> <span class='ocrx_word' id='word_1_258' title='bbox 809 3582 919 3661; x_wconf 86' lang='lat' dir='ltr'>scribas</span> <span class='ocrx_word' id='word_1_259' title='bbox 932 3586 999 3660; x_wconf 87' lang='lat' dir='ltr'>satis</span> <span class='ocrx_word' id='word_1_260' title='bbox 1012 3590 1090 3662; x_wconf 81' lang='lat' dir='ltr'>mssri</span> <span class='ocrx_word' id='word_1_261' title='bbox 1100 3593 1165 3663; x_wconf 90' lang='lat' dir='ltr'>erit.</span> <span class='ocrx_word' id='word_1_262' title='bbox 1191 3591 1408 3688; x_wconf 64' lang='grc' dir='ltr'>βυςπδεψίδιυ</span> <span class='ocrx_word' id='word_1_263' title='bbox 1418 3595 1571 3691; x_wconf 85' lang='lat' dir='ltr'>nequitias</span> 
     </span>
     <span class='ocr_line' id='line_1_32' title="bbox 249 3683 1577 3786; baseline -0.001 -23"><span class='ocrx_word' id='word_1_264' title='bbox 249 3692 444 3786; x_wconf 85' lang='lat' dir='ltr'>impatienter</span> <span class='ocrx_word' id='word_1_265' title='bbox 455 3685 532 3757; x_wconf 83' lang='lat' dir='ltr'>sero.</span> <span class='ocrx_word' id='word_1_266' title='bbox 583 3683 700 3758; x_wconf 92' lang='lat' dir='ltr'>Nescio</span> <span class='ocrx_word' id='word_1_267' title='bbox 718 3709 772 3754; x_wconf 89' lang='lat' dir='ltr'>cur</span> <span class='ocrx_word' id='word_1_268' title='bbox 784 3711 856 3756; x_wconf 91' lang='lat' dir='ltr'>eum</span> <span class='ocrx_word' id='word_1_269' title='bbox 878 3708 1029 3785; x_wconf 75' lang='lat' dir='ltr'>perpetuo</span> <span class='ocrx_word' id='word_1_270' title='bbox 1050 3689 1189 3786; x_wconf 90' lang='lat' dir='ltr'>epitheto</span> <span class='ocrx_word' id='word_1_271' title='bbox 1206 3713 1312 3760; x_wconf 86' lang='lat' dir='ltr'>meum</span> <span class='ocrx_word' id='word_1_272' title='bbox 1326 3715 1425 3761; x_wconf 85' lang='lat' dir='ltr'>voces.</span> <span class='ocrx_word' id='word_1_273' title='bbox 1474 3691 1577 3763; x_wconf 57' lang='lat' dir='ltr'>Nurr&#39;</span> 
     </span>
    </p>

    <p class='ocr_par' dir='ltr' id='par_1_9' title="bbox 315 3779 1571 3887">
     <span class='ocr_line' id='line_1_33' title="bbox 315 3779 1571 3887; baseline 0.002 -31"><span class='ocrx_word' id='word_1_274' title='bbox 315 3812 371 3871; x_wconf 90' lang='lat' dir='ltr'>m,</span> <span class='ocrx_word' id='word_1_275' title='bbox 396 3782 473 3854; x_wconf 89' lang='lat' dir='ltr'>mihi</span> <span class='ocrx_word' id='word_1_276' title='bbox 488 3782 613 3871; x_wconf 84' lang='lat' dir='ltr'>credas,</span> <span class='ocrx_word' id='word_1_277' title='bbox 652 3784 750 3853; x_wconf 85' lang='lat' dir='ltr'>amavi</span> <span class='ocrx_word' id='word_1_278' title='bbox 760 3779 844 3852; x_wconf 89' lang='lat' dir='ltr'>hunc</span> <span class='ocrx_word' id='word_1_279' title='bbox 859 3782 1045 3871; x_wconf 85' lang='lat' dir='ltr'>hominem,</span> <span class='ocrx_word' id='word_1_280' title='bbox 1075 3809 1236 3882; x_wconf 82' lang='lat' dir='ltr'>nunquam</span> <span class='ocrx_word' id='word_1_281' title='bbox 1247 3786 1312 3857; x_wconf 90' lang='lat' dir='ltr'>vidi</span> <span class='ocrx_word' id='word_1_282' title='bbox 1327 3810 1378 3858; x_wconf 86' lang='lat' dir='ltr'>aut</span> <span class='ocrx_word' id='word_1_283' title='bbox 1398 3787 1500 3859; x_wconf 86' lang='lat' dir='ltr'>videre</span> <span class='ocrx_word' id='word_1_284' title='bbox 1512 3815 1571 3887; x_wconf 87' lang='lat' dir='ltr'>ge-</span> 
     </span>
    </p>

    <p class='ocr_par' dir='ltr' id='par_1_10' title="bbox 249 3878 1621 4467">
     <span class='ocr_line' id='line_1_34' title="bbox 280 3878 1573 3982; baseline 0.001 -28"><span class='ocrx_word' id='word_1_285' title='bbox 280 3887 310 3954; x_wconf 84' lang='lat' dir='ltr'>‘i.</span> <span class='ocrx_word' id='word_1_286' title='bbox 349 3882 544 3951; x_wconf 80' lang='lat' dir='ltr'>&#39;Amicitiam</span> <span class='ocrx_word' id='word_1_287' title='bbox 553 3905 653 3950; x_wconf 90' lang='lat' dir='ltr'>meam</span> <span class='ocrx_word' id='word_1_288' title='bbox 662 3878 785 3964; x_wconf 86' lang='lat' dir='ltr'>ambiit,</span> <span class='ocrx_word' id='word_1_289' title='bbox 809 3905 870 3975; x_wconf 88' lang='lat' dir='ltr'>qua</span> <span class='ocrx_word' id='word_1_290' title='bbox 883 3880 950 3954; x_wconf 87' lang='lat' dir='ltr'>sum</span> <span class='ocrx_word' id='word_1_291' title='bbox 965 3878 1110 3951; x_wconf 82' lang='lat' dir='ltr'>facilitate</span> <span class='ocrx_word' id='word_1_292' title='bbox 1125 3880 1268 3979; x_wconf 86' lang='lat' dir='ltr'>respondi</span> <span class='ocrx_word' id='word_1_293' title='bbox 1276 3886 1406 3955; x_wconf 88' lang='lat' dir='ltr'>comiter</span> <span class='ocrx_word' id='word_1_294' title='bbox 1412 3913 1423 3971; x_wconf 85' lang='lat'>3</span> <span class='ocrx_word' id='word_1_295' title='bbox 1445 3879 1573 3982; x_wconf 72' lang='lat' dir='ltr'>scripsit,</span> 
     </span>
     <span class='ocr_line' id='line_1_35' title="bbox 249 3969 1576 4080; baseline 0 -29"><span class='ocrx_word' id='word_1_296' title='bbox 249 3977 407 4075; x_wconf 73' lang='lat' dir='ltr'>rescripsi,</span> <span class='ocrx_word' id='word_1_297' title='bbox 432 3975 705 4046; x_wconf 88' lang='lat' dir='ltr'>&amp;communibus</span> <span class='ocrx_word' id='word_1_298' title='bbox 718 3969 829 4045; x_wconf 82' lang='lat' dir='ltr'>officiis</span> <span class='ocrx_word' id='word_1_299' title='bbox 841 3977 933 4047; x_wconf 89' lang='lat' dir='ltr'>colui.</span> <span class='ocrx_word' id='word_1_300' title='bbox 985 3980 1018 4047; x_wconf 89' lang='lat' dir='ltr'>Si</span> <span class='ocrx_word' id='word_1_301' title='bbox 1033 3978 1117 4075; x_wconf 90' lang='lat' dir='ltr'>quod</span> <span class='ocrx_word' id='word_1_302' title='bbox 1130 4004 1181 4049; x_wconf 90' lang='lat' dir='ltr'>me</span> <span class='ocrx_word' id='word_1_303' title='bbox 1197 3971 1320 4050; x_wconf 86' lang='lat' dir='ltr'>inter&amp;</span> <span class='ocrx_word' id='word_1_304' title='bbox 1341 3983 1428 4054; x_wconf 89' lang='lat' dir='ltr'>illum</span> <span class='ocrx_word' id='word_1_305' title='bbox 1443 3985 1576 4080; x_wconf 74' lang='lat' dir='ltr'>agitatur&#39;</span> 
     </span>
     <span class='ocr_line' id='line_1_36' title="bbox 250 4071 1572 4175; baseline 0 -28"><span class='ocrx_word' id='word_1_306' title='bbox 250 4079 404 4148; x_wconf 90' lang='lat' dir='ltr'>literarum</span> <span class='ocrx_word' id='word_1_307' title='bbox 417 4071 696 4169; x_wconf 75' lang='lat' dir='ltr'>frequentissimum</span> <span class='ocrx_word' id='word_1_308' title='bbox 709 4077 932 4144; x_wconf 88' lang='lat' dir='ltr'>commercium</span> <span class='ocrx_word' id='word_1_309' title='bbox 949 4072 1168 4171; x_wconf 84' lang='lat' dir='ltr'>tibidisplicet‚</span> <span class='ocrx_word' id='word_1_310' title='bbox 1193 4078 1254 4146; x_wconf 68' lang='grc' dir='ltr'>εἰπὲ</span> <span class='ocrx_word' id='word_1_311' title='bbox 1271 4077 1353 4171; x_wconf 70' lang='lat' dir='ltr'>us&#39;yu</span> <span class='ocrx_word' id='word_1_312' title='bbox 1370 4133 1380 4165; x_wconf 94' lang='lat'>,</span> <span class='ocrx_word' id='word_1_313' title='bbox 1414 4085 1572 4175; x_wconf 85' lang='lat' dir='ltr'>&amp;paratus</span> 
     </span>
     <span class='ocr_line' id='line_1_37' title="bbox 251 4166 1570 4268; baseline -0.003 -24"><span class='ocrx_word' id='word_1_314' title='bbox 251 4171 318 4244; x_wconf 90' lang='lat' dir='ltr'>sum</span> <span class='ocrx_word' id='word_1_315' title='bbox 325 4175 415 4241; x_wconf 89' lang='lat' dir='ltr'>omni</span> <span class='ocrx_word' id='word_1_316' title='bbox 430 4195 470 4240; x_wconf 92' lang='lat' dir='ltr'>eo</span> <span class='ocrx_word' id='word_1_317' title='bbox 482 4177 545 4256; x_wconf 78' lang='lat' dir='ltr'>jure</span> <span class='ocrx_word' id='word_1_318' title='bbox 560 4168 684 4239; x_wconf 88' lang='lat' dir='ltr'>cuilibet</span> <span class='ocrx_word' id='word_1_319' title='bbox 696 4166 827 4254; x_wconf 73' lang='lat' dir='ltr'>cedere,</span> <span class='ocrx_word' id='word_1_320' title='bbox 851 4195 910 4241; x_wconf 89' lang='lat' dir='ltr'>nec</span> <span class='ocrx_word' id='word_1_321' title='bbox 921 4194 1045 4268; x_wconf 83' lang='lat' dir='ltr'>gravem</span> <span class='ocrx_word' id='word_1_322' title='bbox 1058 4174 1203 4260; x_wconf 72' lang='lat' dir='ltr'>jacturam</span> <span class='ocrx_word' id='word_1_323' title='bbox 1216 4200 1267 4244; x_wconf 90' lang='lat' dir='ltr'>me</span> <span class='ocrx_word' id='word_1_324' title='bbox 1279 4170 1381 4245; x_wconf 86' lang='lat' dir='ltr'>secisse</span> <span class='ocrx_word' id='word_1_325' title='bbox 1396 4173 1570 4243; x_wconf 85' lang='lat' dir='ltr'>arbitrabor.</span> 
     </span>
     <span class='ocr_line' id='line_1_38' title="bbox 251 4264 1621 4366; baseline -0.004 -24"><span class='ocrx_word' id='word_1_326' title='bbox 251 4279 344 4343; x_wconf 79' lang='lat' dir='ltr'>Pane</span> <span class='ocrx_word' id='word_1_327' title='bbox 358 4269 396 4339; x_wconf 91' lang='lat' dir='ltr'>de</span> <span class='ocrx_word' id='word_1_328' title='bbox 415 4265 538 4363; x_wconf 75' lang='lat' dir='ltr'>fingulis</span> <span class='ocrx_word' id='word_1_329' title='bbox 551 4264 653 4336; x_wconf 88' lang='lat' dir='ltr'>verbis</span> <span class='ocrx_word' id='word_1_330' title='bbox 663 4292 703 4342; x_wconf 86' lang='lat' dir='ltr'>eo</span> <span class='ocrx_word' id='word_1_331' title='bbox 719 4268 753 4336; x_wconf 89' lang='lat' dir='ltr'>in</span> <span class='ocrx_word' id='word_1_332' title='bbox 765 4266 945 4354; x_wconf 82' lang='lat' dir='ltr'>consilium,</span> <span class='ocrx_word' id='word_1_333' title='bbox 971 4269 1097 4366; x_wconf 83' lang='lat' dir='ltr'>quando</span> <span class='ocrx_word' id='word_1_334' title='bbox 1110 4269 1227 4340; x_wconf 86' lang='lat' dir='ltr'>adeum</span> <span class='ocrx_word' id='word_1_335' title='bbox 1241 4269 1357 4355; x_wconf 89' lang='lat' dir='ltr'>scribo,</span> <span class='ocrx_word' id='word_1_336' title='bbox 1384 4271 1573 4342; x_wconf 85' lang='lat' dir='ltr'>adeovereor</span> <span class='ocrx_word' id='word_1_337' title='bbox 1619 4339 1621 4347; x_wconf 72' lang='grc'>,</span> 
     </span>
     <span class='ocr_line' id='line_1_39' title="bbox 252 4361 1573 4467; baseline -0.002 -31"><span class='ocrx_word' id='word_1_338' title='bbox 252 4367 383 4467; x_wconf 88' lang='lat' dir='ltr'>nequid</span> <span class='ocrx_word' id='word_1_339' title='bbox 398 4364 583 4462; x_wconf 79' lang='lat' dir='ltr'>incogitenti</span> <span class='ocrx_word' id='word_1_340' title='bbox 596 4362 726 4452; x_wconf 82' lang='lat' dir='ltr'>excidat,</span> <span class='ocrx_word' id='word_1_341' title='bbox 751 4363 838 4464; x_wconf 85' lang='lat' dir='ltr'>qnod</span> <span class='ocrx_word' id='word_1_342' title='bbox 851 4361 951 4439; x_wconf 83' lang='lat' dir='ltr'>statim</span> <span class='ocrx_word' id='word_1_343' title='bbox 958 4361 1089 4440; x_wconf 87' lang='lat' dir='ltr'>rimosus</span> <span class='ocrx_word' id='word_1_344' title='bbox 1097 4368 1146 4440; x_wconf 88' lang='lat' dir='ltr'>illc</span> <span class='ocrx_word' id='word_1_345' title='bbox 1153 4366 1300 4441; x_wconf 86' lang='lat' dir='ltr'>omnibus</span> <span class='ocrx_word' id='word_1_346' title='bbox 1306 4365 1474 4465; x_wconf 82' lang='lat' dir='ltr'>patefaciat.</span> <span class='ocrx_word' id='word_1_347' title='bbox 1498 4367 1573 4434; x_wconf 90' lang='lat' dir='ltr'>Hoc</span> 
     </span>
    </p>

    <p class='ocr_par' dir='ltr' id='par_1_11' title="bbox 838 4485 1577 4533">
     <span class='ocr_line' id='line_1_40' title="bbox 838 4485 1577 4533; baseline 0.001 -2"><span class='ocrx_word' id='word_1_348' title='bbox 838 4491 841 4496; x_wconf 86' lang='lat'><strong>·</strong></span> <span class='ocrx_word' id='word_1_349' title='bbox 1474 4485 1577 4533; x_wconf 76' lang='lat' dir='ltr'>rmum</span> 
     </span>
    </p>
   </div>
   <div class='ocr_carea' id='block_1_8' title="bbox 1457 4725 1466 4746">
    <p class='ocr_par' dir='ltr' id='par_1_12' title="bbox 1457 4725 1466 4746">
     <span class='ocr_line' id='line_1_41' title="bbox 1457 4725 1466 4746; baseline 0 0"><span class='ocrx_word' id='word_1_350' title='bbox 1457 4725 1466 4746; x_wconf 44' lang='lat' dir='ltr'>*k</span> 
     </span>
    </p>
   </div>
   <div class='ocr_carea' id='block_1_9' title="bbox 1435 4858 1481 4930">
    <p class='ocr_par' dir='ltr' id='par_1_13' title="bbox 1435 4858 1481 4930">
     <span class='ocr_line' id='line_1_42' title="bbox 1435 4858 1481 4930; baseline 0 -11"><span class='ocrx_word' id='word_1_351' title='bbox 1435 4858 1481 4930; x_wconf 62' lang='lat'>&gt;⁹0</span> 
     </span>
    </p>
   </div>
   <div class='ocr_carea' id='block_1_10' title="bbox 0 0 2050 5425">
    <p class='ocr_par' dir='ltr' id='par_1_14' title="bbox 0 0 2050 5425">
     <span class='ocr_line' id='line_1_43' title="bbox 0 0 2050 5425; baseline 0 0"><span class='ocrx_word' id='word_1_352' title='bbox 0 0 2050 5425; x_wconf 95' lang='lat' dir='ltr'> </span> 
     </span>
    </p>
   </div>
  </div>
 </body>
</html>
