4067 5425
388 312 434 360 20
673 237 1498 351 MGonrrEararotmss'

382 400 541 477 officinam
553 393 727 498 praestabitis
738 394 880 493 profesto
894 387 1112 480 bertilanam,
1135 386 1302 489 cctttil'que
1312 384 1717 491 omnibusquotquotsuntj

384 497 585 575 invisendam
596 494 783 568 Academils.
831 493 904 587 Ego
915 488 989 559 licet
1000 483 1062 557 lroc
1075 508 1216 584 tempore
1230 486 1324 587 glas
1339 479 1432 590 pell&
1450 486 1537 559 talei
1549 484 1647 560 vestet
1656 480 1717 556 else

387 622 456 672 non
468 590 601 693 possim,
623 592 764 663 animum
777 610 880 659 tamen
892 610 1000 657 meum
1014 581 1106 657 vobis
1118 583 1284 671 devoveo,
1307 609 1345 654 ex
1359 607 1426 681 quo
1437 580 1720 681 gratiffnmmme·

389 698 523 770 moriam
537 711 601 761 tam
613 685 739 784 insignis
752 684 853 759 velta
865 683 1030 755 voluntatis
1041 688 1076 753 δι
1097 679 1322 782 benevolentiae
1342 681 1423 750 nulla
1443 705 1581 779 unquam
1593 678 1716 750 oblivio
1733 771 1735 774 v

392 787 515 864 delebit
540 788 649 860 Valetc
663 791 696 856 &
709 803 746 855 ut
759 778 883 870 facitis,
905 778 994 852 bono
1007 780 1084 878 reip.
1098 774 1229 850 feliciter
1247 802 1314 849 rem
1334 778 1441 875 gerite.
1489 774 1718 853 Amstelodara‘

395 886 612 979 rithmum
627 903 676 954 rac
693 901 809 953 vanr.

779 1005 808 1075 Ε
832 1009 859 1078 Ρ
881 1007 897 1078 l
920 1004 942 1074 S
964 1003 1001 1073 T
1024 1000 1060 1072 0
1082 1003 1111 1073 L
1133 1002 1168 1071 A
1214 998 1248 1072 X
1271 1006 1288 1072 1
1308 1002 1350 1074 X.

417 1057 422 1062 ’
477 1059 1249 1252 JOHANN1.GEORG10
1303 1122 1648 1222 cunrvto.

783 1256 1001 1358 aarum
1014 1255 1146 1331 autam.
1195 1259 1228 1332 s.
1254 1261 1290 1333 Ρ.
1312 1257 1361 1331 o.

366 1385 370 1398 ⁸
447 1391 633 1464 Duslutgnm,

478 1483 870 1587 Osteaquamexhacurbe
885 1480 1066 1569 discesseras,
1091 1481 1308 1583 quiareditum
1322 1482 1527 1581 profitebaris,
1551 1483 1615 1557 dies
1648 1481 1735 1559 rose·

405 1507 592 1670 Pfflonis
605 1606 664 1656 tuae
676 1582 810 1656 sollicitis
822 1582 953 1650 aniculis
968 1578 1186 1676 computabam
1202 1609 1211 1651 r
1235 1581 1395 1680 aliquando
1412 1579 1551 1670 morose,
1574 1605 1609 1652 ut
1622 1510 1733 1670 slent,

411 1687 470 1786 qui
483 1682 696 1783 quodamant,
718 1678 895 1751 insolentius
906 1673 1081 1746 desiderant
1130 1679 1187 1747 Tu
1200 1702 1274 1747 vero
1288 1680 1493 1777 qualictmtprc
1509 1677 1640 1750 domum
1650 1679 1733 1750 redi·

413 1785 512 1854 tionis
524 1782 733 1878 oportunitate
747 1795 850 1870 captus
864 1827 875 1861 ,
906 1775 1056 1843 rationem
1071 1772 1188 1842 itineris
1221 1795 1306 1843 raeter
1319 1777 1503 1871 opinionem
1517 1773 1651 1848 nostram
1663 1800 1737 1847 mu-

414 1876 485 1950 talli
502 1907 511 1924 ·
532 1877 632 2044 ¹ppuod
645 1877 717 1972 quia
730 1869 898 1942 commodo
913 1891 969 1939 tuo
983 1864 1098 1939 factum
1119 1866 1176 1939 else
1189 1799 1344 1966 stlspicoss
1369 1869 1436 1941 sero
1452 1869 1556 1960 facile,
1580 1869 1636 1942 nili
1650 1871 1739 1971 quocl

417 1971 479 2047 hoc
493 1932 531 2046 so
566 1976 621 2043 rlio
635 1994 666 2042 te
679 1966 782 2040 milrie
830 1963 896 2036 sum
909 1964 1096 2062 impnrdenti
1110 1963 1184 2054 esse,
1208 1973 1242 2036 δι
1258 1964 1336 2036 nihil
1348 1963 1737 2042 tibiofficionrmmeontm

414 2068 584 2144 constitisse
596 2067 735 2153 doleam,
757 2067 813 2162 qui
836 2083 915 2131 uste
929 2060 1080 2133 debebam
1096 2061 1134 2134 ad
1145 2082 1176 2132 te
1190 2060 1320 2174 tuosque
1331 2064 1508 2136 demittere.
1547 2066 1591 2135 Et
1603 2067 1736 2136 certeita
1812 2117 1820 2134 t

418 2170 525 2256 volui,
549 2183 586 2234 ut
597 2163 798 2258 intelligeres,
823 2158 1128 2246 GraeviClatilsune‚
1150 2180 1181 2230 te
1193 2157 1316 2230 hommi
1326 2186 1428 2259 neque
1441 2161 1614 2260 impudenti
1628 2188 1739 2260 cupere

406 2289 527 2434 'l‘ll‘
539 2253 1747 2454 lllllllllslslsffilsslilsslulllllllllllffilsslat

423 2456 530 2543 servo,
555 2450 614 2525 faci
659 2478 698 2524 uc
711 2450 830 2549 semper
841 2452 963 2547 magni,
986 2452 1140 2545 literarum
1152 2450 1295 2521 damnmt
1303 2455 1490 2549 optimanim
1502 2457 1648 2542 nomine,
1671 2454 1745 2553 qui·

422 2554 484 2626 bus
496 2478 761 2649 uquifilrl‘mum
773 2549 935 2646 ingenium
946 2567 1035 2618 tuum
1049 2545 1200 2619 exornasti
1215 2602 1226 2636 ,
1253 2555 1314 2639 jam
1325 2547 1349 2638 sr
1361 2552 1469 2648 pateris
1474 2605 1486 2640 ,
1511 2554 1603 2621 etiam
1615 2548 1746 2623 mirifice

426 2652 545 2748 diligo,
569 2644 656 2747 quod
667 2642 848 2745 sutgularem
859 2667 943 2716 tuam
956 2668 1028 2742 erga
1040 2670 1092 2716 nte
1104 2643 1351 2718 benevolentiam
1363 2650 1467 2719 multis
1480 2646 1747 2744 modisnuperde·

179 2772 181 2783 ·
331 2793 332 2797 =
423 2745 565 2824 *elambat
611 2742 853 2842 Exeotempore
862 2740 1061 2828 mesustinui,
1084 2767 1125 2813 ne
1135 2743 1210 2814 adte
1222 2745 1305 2839 prius
1316 2743 1378 2840 ipse
1392 2741 1748 2844 quidsctiberentquarn

321 2859 324 2873 '
430 2841 542 2918 referre
555 2840 673 2940 possem
687 2840 725 2913 de
740 2843 888 2953 negotio,
909 2845 993 2930 cujus
1004 2860 1039 2909 tu
1054 2842 1249 2941 meptionem
1262 2842 1403 2929 maceras
1415 2871 1427 2926 3
1447 2839 1500 2915 scd
1513 2843 1586 2938 quia
1596 2862 1683 2912 tanto
1698 2844 1750 2911 in·

430 2940 556 3012 cervallo
568 2963 609 3009 ne
627 2941 726 3035 prima
743 2936 872 3037 qurdem
891 2934 1013 3007 istarum
1027 2961 1129 3008 rerum
1142 2938 1230 3008 initia
1243 2935 1399 3032 cognosco
1410 2990 1425 3021 ‚
1454 2939 1531 3009 nolo
1550 2935 1751 3036 scriptionem

433 3035 602 3109 meamlevi
616 3036 758 3133 lentaque
770 3059 874 3106 earum
886 3034 1096 3131 expectatione
1108 3035 1184 3104 ultra
1195 3037 1315 3104 morari.
1352 3034 1509 3107 Videntur
1543 3034 1608 3106 uod
1620 3038 1654 3105 in
1666 3033 1751 3107 diem

432 3130 553 3218 abiere,
575 3128 695 3227 prorsus
710 3130 846 3202 cecidisse
860 3152 964 3201 contra
976 3152 1006 3201 at
1027 3157 1067 3207 ue
1080 3131 1287 3229 optabantur:
1315 3131 1433 3203 tametsi
1443 3158 1511 3203 non
1596 3134 1660 3202 'um
1673 3156 1752 3229 opt-

435 3251 562 3327 mmque
576 3248 661 3298 tuam
674 3225 725 3298 sed
742 3225 900 3298 fortunam
911 3157 1090 3317 comesum
1104 3226 1211 3298 noslrae
1222 3225 1346 3316 acciso,
1371 3256 1439 3329 quae
1451 3255 1544 3328 quam
1555 3225 1702 3298 lcvisfime
1716 3231 1752 3297 in

436 3323 505 3423 ipso
522 3344 593 3394 ortu
605 3321 747 3421 disperiit
797 3319 932 3421 Quodsi
944 3321 1059 3412 inest,
1080 3320 1129 3400 sac
1143 3323 1246 3396 saltem
1259 3348 1296 3396 ut
1309 3323 1415 3413 sciarn3
1438 3326 1639 3424 nequeenim
1653 3325 1752 3395 ullum

433 3448 478 3494 ex
492 3417 604 3492 infeela
616 3446 649 3491 re
660 3421 801 3493 dolorem
813 3422 919 3517 capio,
943 3444 983 3491 ne
1006 3447 1045 3491 ue
1059 3446 1097 3491 eo
1110 3420 1205 3493 secius
1218 3426 1373 3521 egregiam
1384 3424 1664 3499 tuamvoluntatem
1669 3445 1752 3497 amo.

440 3516 648 3617 Aspemmur
659 3516 723 3591 fine
735 3514 891 3604 molestia,
914 3446 1115 3603 inclusore,
1138 3544 1206 3616 quat
1219 3517 1323 3591 habeti
1335 3534 1401 3591 non
1477 3540 1543 3590 unt.
1574 3513 1755 3616 Qtarefrua·

438 3612 588 3686 slramihi
603 3641 705 3705 caves,
729 3641 774 3686 ne
783 3612 905 3686 homini
917 3610 1080 3711 prasertim
1092 3612 1248 3687 fastidioso
1261 3619 1354 3689 nimis
1366 3619 1397 3692 vi
1419 3636 1622 3713 earappetere.
1660 3615 1755 3684 Con·

439 3711 542 3782 silium
555 3710 634 3786 boni
645 3714 741 3783 animi
754 3713 983 3812 prudentiaeque
997 3731 1055 3781 tuae
1069 3715 1222 3783 rationem
1234 3710 1385 3809 agnosco,
1407 3736 1515 3809 panim
1527 3709 1596 3781 abes
1604 3707 1756 3783 abillustri

440 3804 619 3894 Historico,
642 3812 699 3905 qni
712 3805 922 3905 Augustmns
936 3810 1001 3880 ecie
1013 3805 1173 3880 recusantis
1185 3806 1666 3905 llrgrantilsrrnecupiilseindicat
1697 3806 1760 3899 Sed

441 3900 517 3976 stne
531 3903 741 4000 imprudenter
751 3901 901 3977 meobtnr
977 3958 989 3992 ‚
1013 3907 1142 3993 metuis,
1164 3902 1397 4016 planetibisurn
1412 3906 1546 4000 ignotus.
1591 3903 1758 4001 Egovero,

441 3996 500 4072 nili
512 3996 532 4068 s
546 4004 660 4071 onte&
667 4021 771 4072 natura
784 4027 852 4072 mea
865 3998 1080 4073 abilliusmodi
1091 3998 1313 4072 ambitionibus
1327 3998 1540 4086 abhorrerem,
1561 4024 1637 4098 quac
1650 3998 1759 4099 prose·

442 4097 495 4167 Cro
542 4097 616 4193 gio,
637 4098 712 4168 licet
722 4100 828 4169 onmia
840 4095 935 4169 hodie
947 4099 1068 4169 virturis
1079 4099 1202 4194 praemia
1213 4094 1401 4196 pollideant‚
1426 4123 1465 4169 ex
1478 4119 1643 4188 tatamen,
1666 4122 1762 4196 quam
1916 4162 1929 4175 .

442 4196 524 4266 inter
536 4191 679 4264 homines
690 4196 764 4266 vivo
775 4217 866 4295 atque
879 4197 983 4293 agito,
1006 4197 1168 4267 communi
1182 4198 1247 4268 vita
1253 4198 1375 4267 moneri
1380 4216 1536 4294 poteram,
1558 4220 1600 4267 nc
1613 4192 1766 4267 autinsci-

442 4312 490 4377 τε,
516 4290 603 4388 quod
614 4287 714 4363 solent
732 4317 856 4364 errones
876 4289 940 4389 stne
952 4288 1057 4365 fronte
1077 4296 1157 4396 ᾖτέ
1169 4290 1373 4378 misaam&
1388 4288 1627 4388 περιτύμμαῖἆ,
1651 4310 1702 4362 aut
1714 4312 1765 4360 ar·
1831 4326 1838 4333 ’

442 4408 587 4485 roganter
597 4385 696 4467 bomo
708 4412 808 4469 novus
818 4415 871 4466 me
883 4386 1077 4491 ignotisluno
1083 4387 1393 4490 cuiqttcobjicetem²
1413 4387 1513 4469 llud’n
1524 4385 1770 4557 QffiChqsefffi

1662 4508 1683 4555 ο
