4067 5425
424 300 501 371 252
642 278 936 351 Cunctis.
981 300 1059 349 nr
1101 274 1536 367 Dooarssru.
1620 338 1624 349 ,

430 410 526 479 toties
546 403 736 477 collidamini
756 427 829 475 cum
841 406 954 474 Senatu
977 400 1104 474 urbico:
1128 427 1225 501 quem
1246 422 1327 473 certe
1350 426 1475 500 amium
1494 420 1558 474 erat
1579 402 1676 499 magis
1697 405 1756 478 effe

434 506 541 591 ξενικὸν
559 513 583 607 »g
599 499 827 594 συμζιίαςικὲν,
852 499 1127 596 adeoquerevereti
1140 502 1266 570 abarum
1280 499 1318 571 de
1331 491 1362 568 se
1375 498 1487 588 judicia
1502 496 1738 572 Academiarum
1743 496 1761 591 ,⁵

434 607 502 676 imo
521 609 554 673 dc
579 599 768 696 fingulopcun
788 595 972 683 hominum,
996 598 1052 694 qui
1070 596 1205 694 aliquem
1222 594 1338 667 babent
1353 592 1472 667 sursum
1490 594 1702 683 lamminas,
1724 605 1758 669 st

434 703 590 773 dicicitur
607 697 741 788 judicant
755 695 792 766 de
808 691 918 767 talibus
937 692 1128 778 ustionibus,
1145 695 1177 762 in
1194 691 1311 791 quibus
1323 713 1404 764 certe
1418 718 1475 763 nos
1489 687 1549 764 esse
1564 689 1760 765 confidimus.

437 801 525 868 Tuas
534 800 633 867 literas
648 791 752 863 triduo
769 788 838 888 post
851 787 1087 887 subsequebatur
1097 790 1223 859 Nobilis
1237 785 1426 860 Adolescens
1440 788 1590 875 Cimber,
1616 792 1672 887 qui
1681 789 1758 861 mibi

439 892 594 966 adferebat
606 892 704 960 literas
716 889 768 958 CL
780 889 840 957 viri
852 889 922 957 Dn.
938 888 986 955 Μ.
1000 882 1128 956 Dasenii
1145 888 1295 957 Resloris.
1310 892 1343 957 P.
1360 888 1403 956 T.
1414 883 1594 985 Magnifici‚
1619 911 1760 958 unacum

437 993 569 1091 eleganti
583 983 754 1083 &pretioso
761 989 918 1081 poimate‚
988 982 1034 1054 od
1044 981 1125 1053 nibil·
1135 987 1251 1069 minus,
1259 1009 1352 1081 quam
1364 984 1422 1052 tale
1429 978 1514 1080 quid,
1522 984 1763 1079 cogitantiAca-

437 1089 538 1158 denaia
553 1082 647 1156 vestra
659 1080 737 1152 mihi
750 1081 936 1153 mittendum
970 1101 1137 1164 ecreverat,
1162 1087 1247 1169 cuius
1261 1081 1306 1149 rei
1318 1077 1467 1148 indicium
1480 1081 1514 1148 in
1525 1076 1762 1150 tuismibifeee-

437 1210 492 1254 ras.
519 1191 627 1280 ltaque
650 1177 712 1249 tibi·
728 1175 789 1248 hoc
810 1183 940 1249 nomine
952 1176 1053 1247 debeo
1067 1178 1241 1272 c'uuyya'ma.
1289 1174 1461 1271 Magnifico
1474 1178 1541 1247 Dn.
1557 1176 1701 1269 Roslori,
1726 1184 1762 1246 &-

418 1278 493 1376 ‘per
509 1280 593 1349 bunc
611 1280 670 1347 toti
690 1274 876 1345 Reverendo
899 1275 1049 1345 Concilio
1072 1273 1172 1344 vestro
1194 1300 1248 1371 per
1260 1275 1364 1342 literas
1373 1294 1492 1370 gratum
1506 1275 1644 1342 animum
1658 1272 1764 1343 testari

438 1376 557 1462 sludui,
581 1399 656 1470 quos
677 1397 757 1471 rogo
774 1371 804 1442 ei
826 1371 939 1443 reddas.
989 1373 1054 1441 Scri
1088 1374 1217 1442 retiam
1234 1372 1422 1467 peculiariter
1434 1368 1473 1451 ad
1486 1371 1555 1440 Dn.
1570 1363 1764 1455 Dascniunn·
1879 1374 1884 1387 '

437 1500 510 1545 curn
527 1492 668 1570 putarem
678 1468 764 1539 hunc
774 1467 948 1567 magistratu
958 1474 1021 1557 jam
1034 1492 1052 1535 a
1077 1466 1147 1538 isse.
1196 1471 1316 1566 Magno
1331 1469 1363 1535 in
1377 1464 1546 1538 arevestro
1561 1491 1611 1535 me
1625 1464 1766 1562 agnosco

436 1580 470 1642 δε
491 1568 662 1668 profiteor,
694 1590 753 1638 nec
776 1566 869 1636 ullam
890 1566 1043 1636 dimittam
1066 1564 1260 1636 occasonem
1271 1560 1421 1659 probandi
1435 1562 1527 1634 vobis
1540 1587 1710 1633 memorem
1724 1588 1766 1632 ac·

489 1690 557 1737 turn
570 1670 725 1748 animum,
750 1688 943 1759 omnemque
954 1659 1192 1748 observatiam,
1217 1687 1282 1759 qua
1292 1686 1347 1730 vos
1362 1662 1441 1730 colo.
1467 1660 1573 1731 Dicto
1582 1657 1645 1729 hac
1665 1659 1707 1730 ad
1720 1681 1762 1745 te,

435 1693 583 1862 {ignens
597 1761 696 1833 adbuc
709 1786 745 1829 ex
761 1761 937 1828 contumaci
952 1756 1066 1828 morbo
1084 1757 1213 1829 thoracis
1230 1810 1240 1844 ‚
1264 1759 1319 1854 qui
1334 1782 1386 1827 me
1407 1777 1485 1828 totas
1500 1764 1562 1849 jam
1575 1755 1690 1852 septem
1710 1753 1763 1825 be-

440 1859 733 1932 bdomadasdierum
747 1853 813 1925 satis
826 1858 956 1953 graviter
967 1853 1096 1942 adflixit,
1108 1856 1162 1927 ade
1208 1880 1246 1925 ue
1257 1856 1336 1924 lesio
1345 1848 1468 1941 adfixit,
1494 1850 1767 1951 quonondumca-

437 1981 503 2028 rere
521 1956 643 2054 polium
662 1955 780 2048 aliquot
801 1950 863 2022 diei
877 1951 969 2021 boris.
1019 1952 1136 2022 Cautio
1150 1954 1194 2022 mi
1217 1954 1228 2021 i
1243 1948 1304 2035 cst,
1328 1976 1369 2021 ne
1382 1947 1497 2021 desinat
1512 1946 1592 2020 istud
1604 1950 1717 2018 malum
1730 1950 1763 2018 in

437 2048 779 2138 Heslicarmautbujus
794 2044 928 2118 sororem
941 2046 1086 2117 Pltthistn.
1110 2052 1200 2119 Deus
1214 2072 1265 2117 me
1276 2044 1507 2117 clementctres
1518 2049 1605 2132 iciat,
1630 2071 1761 2143 meque,

439 2148 463 2220 fi
484 2148 540 2248 ipsi
559 2145 730 2230 videbitur,
755 2143 858 2215 liberis
878 2147 956 2215 meis
977 2150 1010 2213 &
1033 2142 1169 2215 studiosa
1188 2149 1340 2236 jovenmti
1358 2143 1472 2215 diutim
1491 2072 1637 2238 sospitet,
1661 2139 1764 2237 prisii-

439 2271 486 2316 nae
500 2242 664 2318 valetudini
677 2238 872 2312 restitutum:
902 2240 993 2338 quod
1009 2261 1042 2310 te
1058 2248 1140 2330 juxta
1163 2264 1288 2311 mecum
1307 2262 1413 2337 optare
1437 2240 1601 2335 aeprecari
1625 2233 1667 2306 sat
1686 2236 1760 2307 scio.

440 2345 521 2413 Vale
533 2335 864 2424 felicilstmc‚&uerbit
877 2340 954 2407 meis
967 2336 1017 2408 dic
1030 2333 1153 2408 salutern
1167 2361 1239 2409 cum
1252 2340 1366 2407 caeteris
1380 2336 1471 2406 Colle
1496 2337 1518 2404 's
1531 2337 1606 2420 tuis,
1618 2352 1686 2403 tum
1702 2337 1763 2403 im-

438 2439 546 2535 primis
558 2439 639 2507 Rev.
652 2443 684 2505 &
702 2434 753 2503 Cl.
770 2437 838 2505 viro
851 2436 919 2503 Dn.
933 2437 980 2503 D.
998 2435 1122 2505 Eilardo
1136 2433 1279 2520 rubino,
1304 2440 1337 2504 δε
1350 2434 1459 2529 Ampli
1484 2457 1492 2501 ;
1507 2426 1762 2502 Consultilsrmo

440 2559 502 2631 que
515 2535 583 2603 Dn.
597 2533 642 2602 D.
661 2527 791 2603 Ernesto
808 2527 1023 2602 Cotltmanno.
1038 2529 1177 2602 Altoniii
1196 2535 1240 2600 D.
1259 2549 1313 2611 25.
1326 2532 1428 2626 April.
1443 2536 1508 2599 An.
1529 2536 1627 2596 1612.

771 2628 801 2697 E
824 2634 849 2699 P
873 2634 932 2699 lS
956 2631 991 2698 T
1015 2628 1056 2698 Ο·
1074 2632 1107 2698 L.
1126 2632 1161 2696 Α
1207 2627 1422 2698 CLXXLX.

437 2726 791 2872 JonNrui
862 2734 1637 2831 circumiremus.
1697 2735 1755 2826 o.

916 2863 1284 2969 christophoruscuerm

476 2960 651 3035 Morbium,

525 3038 596 3108 Um
612 3063 671 3110 tua
684 3041 795 3123 limrae,
818 3038 880 3108 Vir
898 3034 1089 3122 dosiillime,
1113 3035 1174 3107 huc
1190 3033 1379 3108 adferrentur
1394 3036 1580 3108 stabellario
1606 3037 1759 3109 Non'ber-

526 3133 633 3230 gensi,
656 3161 712 3232 per
765 3160 783 3204 e
802 3131 939 3218 aberam,
961 3140 995 3202 δι
1016 3132 1127 3204 sistite
1142 3138 1244 3230 cupis,
1271 3141 1371 3231 Pragae
1385 3159 1477 3206 eram.
1504 3131 1596 3206 Nihil
1610 3161 1684 3205 vero
1701 3137 1757 3205 illis

435 3232 548 3326 gratius
565 3229 644 3301 mihi
667 3160 802 3302 accidire
820 3251 895 3299 tum
911 3231 1036 3326 potuit,
1068 3255 1137 3327 quae
1157 3257 1195 3301 en
1215 3233 1323 3302 itinere
1342 3228 1405 3301 sere
1417 3228 1557 3301 trimestri
1570 3235 1765 3303 contractura·

435 3351 568 3396 ominem
574 3323 713 3398 nauseam
728 3326 941 3423 abstergerent.
965 3327 1053 3397 Nam
1065 3333 1100 3395 dc
1110 3326 1207 3398 doslae
1221 3349 1306 3400 erant
1320 3336 1352 3397 δε
1368 3330 1464 3397 animi
1478 3329 1524 3396 tui
1536 3328 1757 3416 osnooqnqlru?

433 3422 518 3520 signa
535 3419 678 3495 exstantia
699 3420 907 3521 preferebant
931 3427 1068 3520 Ignatius
1088 3426 1226 3495 Hanniel
1247 3423 1420 3496 eruditione
1437 3422 1578 3520 lingulati
1597 3425 1675 3494 mibi
1688 3423 1766 3496 satis.

434 3541 527 3590 notus
549 3518 611 3605 est3
636 3519 698 3592 lide
716 3526 749 3590 δι
775 3518 1104 3591 candore-notillimus.
1142 3519 1240 3592 Unde
1260 3546 1325 3592 non
1339 3522 1499 3617 vulgariter
1512 3525 1576 3610 ejus
1588 3523 1754 3592 amicitiam

435 3619 515 3687 eolo.
541 3623 662 3689 Verum
679 3621 705 3688 is
717 3619 810 3688 nimis
823 3615 941 3686 anobis
955 3614 1039 3688 abest
1052 3620 1177 3714 procul,
1200 3617 1261 3688 hoc
1282 3615 1326 3687 est
1347 3621 1381 3687 in
1394 3616 1561 3687 Academia
1573 3616 1753 3688 Bituricenst

434 3711 565 3783 Gallica.
594 3716 648 3785 De
660 3718 815 3785 Terentio
826 3738 880 3783 cur
895 3740 946 3783 me
961 3715 1039 3786 olim
1053 3739 1166 3785 annes
1176 3712 1266 3785 eausa
1278 3739 1345 3784 non
1357 3734 1427 3783 erat.
1452 3719 1531 3784 Puer
1543 3713 1598 3784 illa
1611 3715 1689 3786 olim
1702 3710 1753 3784 so»

432 3811 628 3879 mniaveram.
648 3812 783 3908 Parergis
791 3807 912 3881 fortean
924 3836 989 3881 non
1003 3808 1153 3907 derogem
1160 3811 1221 3907 ipse
1237 3807 1603 3908 diligentiae&indullriae
1615 3811 1749 3886 laudem.

433 3905 507 3973 Alia
529 3907 624 3975 etiam
642 3907 746 3993 edidi,
770 3904 820 3978 sed
833 3933 901 4004 quae
913 3909 1011 4005 magis
1026 3902 1189 3977 inserviant
1200 3908 1314 4004 vulgo,
1338 3932 1433 4003 quam
1450 3906 1548 3976 doslis
1563 3913 1596 3976 δι
1612 3906 1670 3978 tibi
1684 3909 1750 4004 pla»

433 4018 536 4085 ocant3
559 4021 595 4070 ut
607 4001 807 4098 Quaslioues
820 4002 924 4074 Vaudi
936 4012 969 4075 δι
979 4000 1109 4071 Costani
1123 4005 1297 4101 ameJenae
1311 4003 1412 4074 editae:
1437 4006 1600 4074 Sententia
1613 4030 1650 4074 ex
1662 4026 1750 4075 utro·

432 4122 495 4193 que
515 4105 579 4187 jure
598 4095 825 4186 consarcinatae,
849 4103 971 4196 excipio
993 4121 1095 4168 tarncn
1110 4099 1323 4171 Alorandrmn
1335 4097 1374 4169 ab
1387 4100 1583 4186 Alexandro,
1596 4100 1640 4192 ‚in
1653 4125 1758 4197 quem»
1900 4155 1906 4170 ,

429 4192 570 4357 precedam
592 4191 662 4292 post
682 4198 935 4309 magnum-,illum
946 4195 1321 4308 Tiraquellumnvidimus.
1356 4196 1465 4308 'Nunc
1478 4194 1685 4295 typographus
1697 4222 1753 4269 ex-

440 4292 542 4386 peslat
554 4292 826 4363 Commentarrum
839 4294 1001 4364 rnBellum
1015 4293 1232 4363 Catdrnarrum
1246 4290 1395 4378 Sallustii,
1419 4317 1516 4389 quem
1524 4292 1612 4392 spero
1618 4319 1670 4365 me
1678 4318 1751 4367 ette-

432 4385 503 4460 ditis
514 4388 725 4488 probaturum.
773 4386 940 4487 Schioppii
954 4386 1051 4461 nostri
1064 4385 1209 4488 suspesias
1229 4387 1348 4464 videbis
1362 4389 1424 4464 illic
1440 4388 1510 4489 poll
1523 4389 1685 4463 nundinas.
1722 4398 1751 4462 Is

1690 4494 1760 4578 jam
