4067 5425
549 334 1334 418 Vrnonuu'Enrssonm.
1532 371 1604 445 249

279 466 339 539 sno
408 460 470 549 est,
494 458 692 533 commendo.
716 459 796 530 Vale
808 462 843 526 δι
855 453 981 529 salutern
992 455 1063 543 dic,
1088 460 1601 562 cumcaeterisDominisCollegis,

277 569 494 731 husim
504 554 797 723 wlff
806 576 875 627 Μ’
887 553 1601 728 fflemepfflepgp

278 758 315 827 ni
326 675 905 852 &taerppiibsbsdbiuu'lsbhsrliocruinpeipasiis
917 673 1142 843 impendsniu,
1166 677 1270 848 nique
1282 674 1490 824 poceffl
1502 684 1600 851 quid:

169 926 173 933 ,
280 876 377 951 quam
392 849 556 923 defiderare
568 868 673 946 prater
683 869 825 918 mutuam
839 846 1097 918 benevolentiam
1121 853 1270 918 stemma
1303 849 1548 937 ueittrummle,
1562 858 1599 922 bc

279 946 420 1046 ignosce,
435 943 620 1017 staberravit
638 951 655 1016 ι’
672 944 811 1036 κόψαι,
833 945 892 1043 qui
906 967 975 1015 mes
986 940 1097 1013 ereata
1111 947 1239 1043 excepit
1264 868 1345 1017 ibn
1354 965 1440 1020 vacet
1454 948 1596 1044 relegere

279 1043 407 1117 Altorfii
422 1040 706 1141 dierSeptrmbris
718 1064 826 1115 uncx.
1306 1102 1314 1107 .

596 1141 987 1232 uers'rorn
1035 1156 1253 1229 crxxvr

269 1279 625 1403 Jonurtr
708 1284 1370 1384 KIRCHMANNO.
1455 1291 1595 1387 sn.

742 1442 902 1516 canan
915 1442 1140 1540 nisenam.
1374 1460 1377 1465 ·

278 1540 519 1785 Phgsslbirga
531 1613 634 1689 nostra
648 1616 780 1704 silentia,
803 1641 940 1729 quotum
950 1643 1012 1716 ego
1025 1618 1166 1731 culpam,
1189 1621 1250 1691 Vir
1262 1616 1596 1693 aniiciffmeuhum—

351 1712 489 1800 nilsrme,
503 1714 665 1811 deprecor,
678 1717 934 1811 rejicietupartrm
947 1716 982 1784 in
994 1738 1075 1785 varra
1089 1714 1326 1810 impedimenta,
1350 1740 1420 1813 quae
1433 1743 1486 1790 me
1494 1716 1599 1789 hasbe-
1737 1780 1740 1793 ι

272 1835 332 1881 neu
345 1836 363 1880 a
377 1807 537 1881 scribendo
550 1808 777 1898 abstinuerunt,
801 1811 973 1899 redeamus,
996 1809 1022 1881 sr
1036 1812 1150 1908 placet,
1166 1812 1204 1883 ad
1216 1808 1394 1884 consuetam
1415 1812 1599 1886 viciffindi-

276 1904 649 2004 nemhocgenusofficii.
673 1911 723 1979 P'
768 1909 972 1993 ’ioautern,
1012 1906 1515 2007 umdohant'epillolamtibisub
1533 1912 1598 1982 ini-

275 2004 355 2074 tium
366 2006 443 2076 novi
456 2003 696 2077 auniredditum
711 2008 749 2077 iri
774 2000 914 2103 pero,fa
964 2002 1249 2076 'rmumtibiillius
1257 2005 1436 2095 exordium,
1460 2004 1599 2104 progres-
1715 2002 1718 2015 '

272 2096 340 2171 sum
353 2107 387 2173 δι
400 2101 518 2172 eximin
528 2124 724 2197 comprecor,
748 2123 840 2200 atqtre
853 2120 930 2197 opto
938 2102 1059 2172 coelitus
1072 2126 1090 2170 a
1103 2103 1369 2187 Patreluminum,
1394 2130 1412 2174 a
1426 2130 1491 2203 quo
1502 2129 1599 2176 omne

274 2196 379 2269 datum
393 2199 548 2294 optimum
563 2195 772 2295 proficiscitur.
804 2196 997 2282 ‚Secundum
1007 2194 1072 2268 haec
1089 2218 1162 2267 vota
1173 2196 1279 2269 adfero
1294 2198 1331 2271 ed
1343 2221 1374 2270 te
1383 2199 1446 2272 duo
1454 2202 1600 2298 Euange-

271 2295 328 2384 lia,
352 2320 451 2366 unum
472 2294 512 2365 de
526 2289 661 2365 studioso
675 2293 822 2380 vestrate,
848 2317 921 2365 meo
934 2294 1071 2365 auditore
1083 2291 1208 2380 sedttlo,
1232 2297 1374 2369 Henrico
1385 2299 1531 2393 Heyniot
1555 2300 1599 2368 al-

269 2412 368 2464 terum
383 2391 427 2476 ‚de
436 2393 592 2477 Salviano,
616 2387 755 2490 meisque
767 2395 802 2463 in
816 2387 900 2462 hum
913 2389 1083 2463 conatibus.
1132 2395 1184 2461 Ac
1195 2394 1340 2487 Heynius
1357 2395 1484 2490 quidem
1495 2391 1598 2485 noster

272 2486 481 2586 disputationis
500 2484 560 2558 suae
583 2487 622 2560 de
642 2487 818 2567 minoribus
841 2514 911 2559 xxv.
933 2491 1021 2563 mnis
1033 2486 1193 2559 Praefidem
1207 2513 1259 2558 me
1272 2484 1479 2584 superioribus
1490 2489 1600 2562 diebus

271 2585 372 2683 elegit
417 2586 561 2681 Eamque
576 2604 658 2655 ante.
681 2583 877 2671 ustriduum,
922 2585 1024 2657 ublice
1040 2586 1074 2654 in
1087 2582 1171 2653 bona
1185 2580 1360 2681 frequentia
1367 2589 1503 2681 praeclare
1509 2584 1599 2658 susti-

276 2684 363 2768 nuit,
376 2682 560 2779 promeritis
634 2610 870 2753 abinonensi
912 2706 1026 2781 emque
1038 2682 1200 2766 emnium,
1233 2683 1267 2752 ui
1277 2678 1415 2767 aderent,
1439 2678 1597 2780 &aliquid

273 2778 313 2851 de
328 2780 463 2879 ingeniis
482 2800 517 2848 ac
531 2774 577 2848 stu
601 2780 637 2848 irs
655 2777 765 2850 talibus
776 2777 922 2850 eliirnare
935 2774 1068 2877 possunt
1116 2781 1192 2848 Hoc
1206 2705 1379 2849 liretuleris
1391 2776 1483 2875 ipsius
1494 2777 1600 2851 adole·

274 2871 385 2947 scmus
396 2872 632 2946 honoratissimis
643 2878 842 2974 propinquis,
864 2870 1118 2974 scioplacimrum
1131 2900 1197 2944 non
1211 2872 1422 2961 mediocriter,
1448 2876 1601 2972 imprimis

269 2968 413 3044 frutribus
428 2979 461 3042 δι
476 2968 677 3068 Ampliffitno
694 2971 934 3069 clarissimoque
946 2974 1015 3042 viro
1029 2973 1099 3043 Dn.
1113 2968 1244 3042 Ernesto
1260 2969 1473 3044 Cothmsnno.
1523 2973 1598 3041 Ho-

274 3093 345 3141 rum
366 3091 403 3142 ur
424 3076 458 3141 δι
480 3072 527 3140 tui
539 3071 677 3153 nominis
690 3073 850 3140 mentione
861 3066 1022 3140 versiculos
1035 3093 1143 3154 meos,
1165 3093 1246 3165 quos
1257 3091 1368 3164 rogatu
1378 3066 1469 3165 ipfius
1481 3064 1600 3164 stripsr,

276 3187 312 3238 ut
324 3166 456 3239 thesibus
469 3166 739 3332 subjupperentur,
764 3192 909 3237 exornare
921 3167 1050 3264 plausit,
1076 3190 1149 3236 cum
1160 3167 1300 3262 alioquin
1313 3191 1352 3236 ex
1364 3162 1394 3235 se
1404 3162 1600 3332 ipfisfitisje-

278 3267 344 3354 juni
409 3291 449 3335 ue
461 3268 555 3336 inven
591 3263 616 3331 li
630 3259 726 3332 futuri
740 3262 926 3333 videremus·
971 3261 1009 3332 ld
1021 3256 1309 3352 sedtumvobjsnon
1318 3264 1421 3358 impro
1444 3263 1597 3359 aricupio.

282 3365 388 3458 Atque
477 3360 631 3458 ledentes.
656 3360 857 3429 DeSalriano
871 3357 912 3429 src
922 3356 1009 3430 habe.
1036 3362 1125 3430 Cum
1136 3359 1162 3429 is
1172 3355 1362 3456 gmvisl'umu
1376 3379 1464 3430 autor
1477 3384 1515 3429 ex
1530 3362 1598 3430 Dn.

281 3457 403 3546 Cujacii
416 3459 608 3563 aliorumque
619 3452 946 3543 juriseehumaniutis
957 3452 1145 3541 antistitum,
1169 3475 1204 3524 ut
1211 3455 1277 3546 Jac.
1291 3453 1443 3540 Revardi,
1467 3453 1600 3525 RFabri

269 3556 326 3640 ΔΙ·ἰ.
344 3552 459 3649 Jureti,
478 3556 518 3623 Li
540 3558 591 3638 hi,
623 3547 800 3622 Casauboni
824 3550 921 3623 nostri
941 3550 1139 3623 citationibus
1157 3550 1353 3650 quorundam
1373 3553 1516 3621 locorum
1529 3552 1594 3647 pri-
1650 3571 1653 3576 ’

280 3673 369 3719 mum
382 3580 572 3736 innomilset,
587 3647 722 3745 indeque
736 3647 814 3719 mihi
826 3672 1038 3745 comparamm
1057 3671 1169 3744 magna
1180 3672 1255 3718 cum
1267 3649 1423 3743 voluptate
1437 3644 1573 3742 legissem
1587 3701 1600 3733 ,

277 3746 486 3843 nonnullaque
507 3753 523 3834 (
542 3744 654 3832 ursit)
678 3744 876 3816 observassem
891 3753 924 3816 δι
939 3743 1096 3816 notassem.
1131 3745 1258 3842 Collegi
1272 3745 1397 3815 tandem
1412 3742 1599 3814 diversorum

279 3863 456 3938 temporum
466 3843 679 3914 minorationes
689 3846 724 3913 in
738 3868 838 3913 unum
848 3841 1005 3925 libellum,
1030 3846 1064 3909 bc
1078 3838 1242 3911 consilium
1255 3843 1324 3938 cepi
1335 3841 1374 3911 de
1384 3837 1445 3910 hoc
1453 3837 1599 3936 ipsorum

116 4001 126 4036 ,
278 3937 423 4023 authore,
448 3941 504 4036 qui
520 3940 625 4009 multis
637 3940 730 4010 etiam
745 3938 843 4010 doris
858 3945 867 4026 (
898 3936 962 4009 uod
976 3934 1240 4033 expertusscribo)
1263 3940 1442 4034 incognitus
1452 3943 1486 4008 bc
1499 3933 1599 4009 infre-

280 4061 398 4203 putns,
423 4035 458 4105 in
472 4031 581 4106 nostris
590 4030 753 4132 presertim
766 3965 963 4134 regionibus,
986 4031 1130 4104 haetenus
1142 4029 1221 4117 sirit,
1247 4032 1601 4131 inpublitumemitren-¹

303 4158 352 4204 o..
378 4131 453 4224 Jem
466 4129 509 4202 sat
525 4126 605 4218 scio,
628 4153 659 4201 tt
670 4132 751 4202 ultro
765 4131 838 4202 huic
853 4128 960 4201 nostro
975 4128 1116 4201 instituto
1129 4125 1241 4200 subscri
1262 4152 1365 4201 turum
1377 4131 1453 4202 illud
1467 4133 1599 4203 vetusB.

279 4231 313 4298 F.
326 4231 436 4300 Fateor
448 4224 594 4326 equidem
608 4225 681 4313 else,
706 4255 724 4298 a
762 4226 852 4299 uibus
864 4225 915 4298 hic
930 4249 1017 4297 autor
1033 4224 1222 4324 gravissimus
1234 4155 1261 4296 s

278 4324 424 4397 ffiffimm
447 4328 544 4423 longe
565 4325 719 4395 meliusill
815 4328 822 4342 '
837 4322 998 4423 potuisset,
1021 4326 1102 4394 inter
1120 4347 1200 4421 quos
1211 4343 1243 4392 te
1255 4348 1383 4421 quoque
1399 4344 1521 4418 optimo
1535 4332 1600 4410 jure

276 4447 481 4498 utrmeramus.
531 4424 618 4518 Qia
636 4441 739 4495 tameo
752 4423 803 4494 elii
813 4430 965 4516 majorum
980 4421 1125 4522 gentium
1143 4420 1257 4493 Critici
1273 4441 1363 4519 atque
1375 4417 1530 4516 philologi
1550 4420 1602 4485 ni-

1030 4519 1062 4586 li
1138 4531 1141 4544 ·
1541 4516 1602 4584 mis

1246 4224 1431 4298 anfflffimus
1443 4248 1535 4324 atque
1543 4225 1602 4297 do-
