4067 5425
503 243 567 316 108
814 234 1527 309 Cnsnuunvrr

812 389 1442 466 ‚En1sTOLAcv1t

441 558 445 566 ·
587 510 1714 616 CL.SARRAV1US

1006 667 1299 763 crauiosumfio.

537 770 691 842 Lugdunum
704 776 878 826 Batauorum.

577 841 727 916 Xcursum
746 845 785 916 de
807 844 986 915 inventione
1002 841 1230 1010 Typpgnphiae
1243 838 1334 913 debes
1344 839 1480 910 Dosiori
1492 841 1620 915 Medico
1633 843 1807 934 Mentelio,

576 943 632 1037 qui
653 941 728 1012 dicit
750 940 780 1011 se
799 966 897 1038 genus
918 939 1027 1011 ducere
1100 939 1154 1009 illo
1172 939 1341 1021 Mentesio,
1365 939 1415 1006 tui
1430 936 1647 1009 nobilissimam
1660 941 1741 1011 illam
1754 966 1808 1012 at·

497 1055 561 1105 tem
580 1037 646 1105 vult
666 1037 776 1107 debere
791 1038 900 1107 natales
913 1033 991 1106 suos.
1041 1038 1127 1105 Cum
1138 1058 1238 1107 autent
1251 1056 1283 1103 te
1293 1057 1398 1132 magur
1413 1031 1520 1118 saciat,
1543 1036 1687 1105 letiorem
1701 1036 1757 1107 esse
1769 1056 1808 1108 te

492 1133 590 1203 voluit
609 1138 642 1202 &
662 1133 794 1222 judicem
817 1131 873 1202 suae
899 1131 1125 1204 lucubrationis.
1171 1129 1278 1202 Laudo
1297 1127 1458 1199 consilium
1480 1131 1519 1201 de
1539 1127 1696 1227 separatim
1714 1131 1807 1204 editis

491 1225 588 1298 tribus
600 1230 660 1299 tuis
670 1228 830 1326 opusculis.
857 1231 940 1321 Quia
954 1229 1094 1301 nondum
1111 1225 1217 1298 adsunt
1232 1226 1410 1321 exemplant
1422 1223 1565 1322 Epistolae
1581 1226 1618 1296 ad
1630 1227 1803 1317 Colvium,

357 1382 360 1387 4
490 1326 613 1412 malim,
628 1323 684 1395 nisi
697 1327 781 1397 aliter
791 1321 917 1412 sentias,
941 1350 977 1395 ea
987 1326 1094 1396 omnia
1107 1323 1194 1394 simul
1208 1321 1436 1408 destimulor,
1451 1346 1544 1418 quam
1559 1321 1689 1419 stogia,
1712 1329 1745 1393 δι
1759 1327 1805 1397 ita

489 1421 600 1518 prioris
622 1425 755 1492 muneris
776 1446 862 1491 mora
878 1447 936 1518 pur
996 1423 1064 1490 itur.
1113 1421 1238 1489 Mittam
1253 1419 1324 1488 cum
1340 1418 1468 1489 Arnaldi
1482 1424 1514 1488 δι
1530 1420 1640 1507 Marta
1653 1416 1806 1515 opusculis

491 1519 638 1613 Hugonis
651 1518 759 1588 Grotii
772 1515 908 1604 librum,
950 1519 1108 1614 eimperio
1119 1514 1306 1585 summarum
1313 1512 1495 1611 potestatum
1502 1510 1680 1601 circasnua,
1704 1540 1801 1614 quem

490 1632 649 1708 tantopere
670 1616 792 1711 expetis.
841 1615 925 1683 Eum
939 1611 1016 1683 mihi
1029 1637 1093 1682 non
1108 1611 1232 1682 modico
1253 1608 1373 1707 sumptu
1399 1612 1431 1679 in
1450 1603 1646 1689 describendo
1668 1634 1797 1707 compa·

489 1712 561 1780 ravi.
609 1709 768 1779 Eximium
791 1705 835 1779 est
854 1710 958 1804 magni
980 1710 1038 1777 viri
1060 1732 1151 1803 opus,
1178 1706 1324 1803 quodque
1339 1708 1451 1776 merito
1463 1702 1518 1775 suo
1529 1705 1620 1800 possit
1633 1728 1705 1775 erun
1720 1704 1800 1795 ejus-

489 1802 560 1875 dem
574 1805 704 1874 auctoris
717 1808 828 1874 caretis
840 1801 985 1874 omnibus
996 1807 1153 1899 componi.
1204 1803 1291 1871 Cum
1304 1803 1380 1872 olim
1390 1804 1460 1871 eslet
1470 1804 1503 1871 in
1517 1802 1657 1886 Bantia,
1669 1822 1739 1872 nata
1750 1801 1805 1873 est·

489 1901 520 1970 ei
545 1895 663 1969 occasio
681 1898 758 1969 banc
781 1897 924 1970 dsustrem
938 1897 1171 1969 controversum
1184 1896 1345 1985 meandi,
1392 1923 1463 1967 uam
1476 1895 1640 1994 magnifiee
1649 1918 1795 1969 executtrs

488 1993 543 2066 est.
589 1994 660 2093 Jam
682 2020 756 2067 vero
775 1994 853 2065 nibil
864 1992 1036 2085 hujusmodi
1054 1991 1142 2089 sapit:
1166 2002 1199 2089 δι
1218 1994 1347 2088 plurima
1357 1922 1418 2063 iilic
1427 1995 1523 2089 leges,
1546 1992 1688 2090 aquibus
1701 1993 1793 2089 post-

470 2089 619 2161 ·modum
632 2113 745 2162 mutata
757 2087 921 2176 sententia,
945 2093 994 2161 vel
1007 2093 1109 2187 potius
1120 2091 1243 2175 animo,
1268 2112 1362 2184 quam
1376 2086 1548 2185 longissime
1562 2086 1686 2159 recessit
1718 2091 1792 2160 Ca·

490 2206 590 2256 tenum
605 2211 677 2256 curn
692 2209 814 2255 mecum
828 2191 1105 2256 communicaretur
1118 2210 1229 2282 apogra
1250 2181 1343 2269 bum,
1366 2183 1496 2282 adquod
1502 2209 1607 2254 meum
1613 2182 1793 2281 descriptum

487 2279 548 2368 est,
572 2280 634 2351 hec
656 2280 733 2351 mihi
751 2283 810 2351 lata
836 2279 881 2357 est
904 2280 942 2351 ab
965 2279 1126 2351 illustribus
1142 2278 1222 2350 fratr'
1248 2304 1282 2348 us
1304 2280 1371 2363 lex,
1396 2304 1489 2376 quam
1509 2277 1568 2348 tibi
1582 2305 1709 2377 quoque
1721 2277 1794 2353 ferri

483 2392 587 2543 sss
599 2373 1252 2544 sssssssss‘ssssssrsss'ss‘
1270 2372 1794 2544 {sss‘sssssssns

390 2553 392 2559 ⁵
485 2565 538 2640 est.
588 2574 632 2638 lta
647 2570 731 2639 enim
744 2590 836 2666 quam
849 2567 920 2639 dedi
936 2565 1019 2639 soleo
1032 2567 1126 2639 fidem
1139 2496 1278 2665 religiosi
1292 2562 1414 2639 servare.
1423 2523 1585 2637 ’Proximo
1600 2563 1786 2638 menseistue

482 2660 668 2760 advolabunt
689 2664 815 2737 Gallica:
825 2661 1017 2752 hirundines,
1037 2686 1105 2763 quar
1118 2664 1206 2734 vobis
1220 2688 1273 2734 ver
1284 2660 1444 2742 reducent,
1466 2687 1562 2761 eaque
1576 2657 1784 2762 referuntque:

395 2767 403 2780 '
483 2760 634 2831 brumales
644 2757 752 2829 nostra
766 2761 871 2830 nostes
885 2761 1070 2833 excluserint
1118 2762 1224 2842 Ereti,
1238 2756 1287 2829 scd
1301 2781 1403 2828 tamen
1417 2755 1786 2855 sufficientirespousotuo

482 2855 523 2926 ad
544 2851 722 2953 quaestiones
741 2853 779 2925 de
792 2851 1017 2926 Cbalcolibano
1033 2882 1070 2924 ex
1085 2853 1186 2925 debita
1199 2857 1344 2950 solitaque
1361 2851 1491 2924 formula
1503 2880 1562 2950 ago
1571 2857 1686 2953 gratias.
1730 2855 1785 2927 Ad

526 2947 647 3021 [bemus
665 2973 730 3022 tuas
747 2956 807 3040 jam
828 2953 930 3019 tenio.
978 2952 1028 3020 Ex
1045 2953 1149 3020 animo
1162 2949 1253 3019 doleo
1266 2948 1420 3020 dissidium
1436 2973 1543 3019 natum
1559 2954 1638 3020 inter
1650 2949 1784 3024 summos

482 2975 667 3142 Pslieosogos
678 3048 793 3116 amicos
805 3041 939 3132 nostros3
962 3043 1181 3142 spanhemium
1195 3045 1264 3115 dico
1279 3050 1313 3114 δε
1329 3046 1535 3139 Amyrrldum.
1566 3031 1785 3118 Hicexistimal

479 3145 527 3214 vit
551 3138 754 3211 neceffitatem
774 3139 829 3211 sabi
850 3139 1020 3237 impostam
1042 3139 1196 3212 Thelibus
1216 3139 1252 3210 de
1267 3140 1311 3210 G.
1330 3140 1377 3211 U.
1391 3137 1607 3237 respondendi,
1631 3142 1717 3239 quod
1735 3145 1784 3214 ille

481 3231 687 3308 dissentientes
704 3232 858 3332 scripsisset
880 3241 1043 3328 &serasera
1057 3235 1242 3307 orthodoxos.
1298 3233 1368 3306 Ubi
1381 3238 1466 3306 enim
1481 3237 1641 3323 Ministro,
1667 3236 1784 3309 Profes-

479 3329 541 3404 sori
553 3328 637 3403 verbi
651 3328 762 3418 divini,
789 3340 839 3405 mir
853 3338 1012 3422 spbsoffbu
1027 3331 1111 3404 fieret
1123 3330 1340 3418 connoversra,
1366 3330 1448 3403 silere
1462 3355 1549 3430 turpe
1563 3330 1638 3403 esser
1649 3343 1680 3405 δι
1695 3332 1781 3405 nefa·

481 3431 571 3522 rium.
619 3424 694 3498 Inde
707 3422 798 3497 caust
813 3431 924 3497 irarum
938 3455 974 3498 ex
987 3426 1102 3499 duabus
1118 3424 1179 3497 istis
1190 3427 1325 3498 vocibus.
1363 3428 1421 3499 Sed
1433 3426 1570 3499 modeste
1584 3431 1646 3524 agit
1660 3434 1693 3498 &
1708 3454 1780 3501 cum

478 3521 655 3622 prasatione
670 3520 795 3594 honoris
806 3547 876 3620 erga
889 3550 978 3605 eum,
992 3547 1087 3621 quem
1100 3526 1212 3620 arguit,
1236 3523 1540 3614 objcblionesdiluit,
1573 3525 1783 3624 adosioquae·

480 3618 533 3689 fita
547 3622 580 3687 in
593 3621 753 3714 Epimetro
763 3640 905 3690 contenta
917 3618 1092 3716 respondet,
1114 3623 1680 3718 &quinqtugintaerotematareponit
1707 3627 1782 3693 An·

478 3728 510 3783 te
529 3712 664 3784 mensem
689 3714 808 3785 dicebat
826 3713 903 3788 mibi
922 3718 1043 3802 ausser,
1067 3713 1098 3787 se
1111 3719 1372 3813 exemplatunum
1385 3715 1421 3785 ad
1436 3716 1601 3798 Rivemm,
1625 3720 1675 3787 eui
1688 3721 1781 3790 etiam

477 3833 556 3903 opus
567 3804 743 3905 inscriptum
756 3810 816 3896 est,
839 3837 911 3883 eum
923 3809 1047 3908 epistola
1056 3809 1155 3883 solerti
1167 3819 1199 3882 δι
1214 3814 1365 3907 eleganti,
1378 3808 1493 3881 misisse.
1541 3812 1658 3884 Videte
1668 3812 1781 3901 ambo,

480 3907 535 3974 Te
549 3903 759 3999 Rivetumque
771 3908 844 3977 intel
858 3911 865 3924 ‘
888 3935 910 3976 ο
922 3959 933 3992 ,
958 3906 1085 4004 nequid
1097 3932 1135 3976 ex
1147 3906 1221 3994 bac,
1244 3933 1338 4006 quam
1353 3931 1460 3976 vereor
1472 3908 1552 3979 inter
1564 3906 1626 3979 baec
1643 3909 1706 3981 duo
1718 3906 1782 3982 ful·

478 4003 583 4086 mina,
605 3997 762 4070 collisione
768 4054 778 4087 ,
803 4002 865 4072 Ecc
895 4002 934 4084 sia
952 4003 1127 4074 detrimenti
1146 4005 1255 4116 capiat..
1295 4008 1402 4115 Quam
1415 4004 1494 4073 uasti
1505 4001 1573 4075 sunt
1586 4009 1721 4117 Spanum
1729 4031 1783 4077 ot-

480 4122 564 4263 iss,
581 4116 770 4288 sir-giiii,
790 4095 1786 4292 ‘issilssmciiigssiilisimsnp'rsbssdrsffi

474 4291 580 4385 sapius
592 4283 850 4388 mibisrguifiralli
864 4288 1084 4387 spanhemium
1098 4311 1128 4362 te
1137 4286 1258 4363 stmuno
1270 4315 1373 4365 amore
1384 4287 1546 4389 prosequi,
1556 4288 1787 4459 ritumqupcos

1410 4435 1412 4438 ·
1739 4411 1789 4459 ro·
