4067 5425
246 330 252 339 '
369 345 513 420 ·104
680 322 1542 405 carmasino-crrenti.

437 472 578 541 teneant,
596 456 734 555 itemque
742 452 857 541 socios,
871 451 1018 539 farnuloo,
1038 448 1251 538 institores,in
1264 449 1396 524 solidum
1408 454 1569 524 conveniri
1577 453 1669 549 poffr„
1693 460 1765 536 vt,

436 549 475 621 de
489 553 523 621 in
560 553 624 624 uod
636 573 667 623 te
682 553 854 650 periculum
870 551 920 620 ille
931 551 1109 639 conjecerit.
1162 548 1306 619 Unicum
1321 545 1365 617 est
1382 549 1572 637 remedium,
1596 550 1620 621 st
1635 554 1668 621 in
1684 549 1756 626 foto

437 577 645 720 ecclesistico
659 674 724 719 rem
739 647 974 717 deduxerunns:
999 670 1057 715 nec
1077 648 1163 717 enim
1183 665 1253 716 turn
1273 641 1453 715 constitutio
1468 647 1518 717 illa
1537 642 1761 725 observabittu.

437 744 627 815 Formandus
649 746 742 840 igitur
754 741 815 811 tibi
827 746 886 813 erit
898 738 1022 839 supplex
1035 739 1155 813 libellus
1174 739 1211 811 ad
1224 737 1436 827 Pontificem,
1469 744 1525 839 qui
1546 742 1605 813 tibi
1623 741 1756 833 judicem

440 836 509 925 det,
533 864 573 925 ne
586 842 619 908 in
635 835 707 909 foro
721 845 888 909 Laicorum
902 840 1020 934 litigare
1032 838 1236 932 compellaris:
1261 832 1580 931 rumperscrutandum
1592 840 1758 937 eritdiplo-

441 960 508 1019 ma,
533 959 599 1042 quo
612 937 646 1004 in
660 936 855 1005 Clericorum
868 934 940 1004 albo
953 930 1118 1029 descriptus
1133 930 1177 1002 srs.
1225 934 1374 1027 Defigere
1432 936 1502 1003 teris
1520 936 1555 1003 in
1567 933 1739 1033 delegatum
1744 991 1756 1023 ,
1776 952 1778 955 ’

440 1032 635 1195 plrprpolrpqn
647 1029 787 1197 Ecclegqq:
802 1027 1154 1198 Caterinaessglasascllahaqrm
1168 1027 1371 1196 diiifflu
1393 1027 1477 1194 Ἐκ.
1508 1034 1643 1197 blffmmmus
1655 1031 1758 1200 milei

443 1152 568 1212 e,ve
605 1154 615 1196 1
652 1153 724 1197 uem
776 1151 926 1213 utn,cu1
1022 1180 1033 1213 ,
1119 1150 1158 1196 et
1255 1149 1383 1195 umcum
1452 1149 1517 1195 rem
1635 1181 1646 1213 ,
1694 1156 1715 1200 u

442 1220 529 1318 lapsis
542 1153 703 1294 rebusqtibi
715 1220 807 1293 sciam
819 1225 977 1294 invenire:
999 1220 1118 1293 tametsi
1131 1215 1296 1292 consultius
1308 1218 1397 1307 ellct,
1422 1216 1598 1318 srpaulisper
1605 1155 1758 1296 inteiinis-

444 1315 481 1387 srs
492 1314 647 1414 syrenibus
661 1318 709 1391 his
722 1326 755 1390 δι
771 1321 940 1406 Romanis,
966 1341 1000 1389 tu
1011 1321 1147 1403 venires,
1171 1323 1206 1386 δι
1219 1343 1286 1388 rem
1299 1337 1384 1387 trram
1398 1342 1518 1415 ageres,
1543 1344 1664 1391 mernor
1678 1323 1758 1394 Gel-

443 1415 530 1486 lianae
544 1413 674 1487 Crlsrtae.
723 1418 777 1486 Ne
791 1415 970 1512 praedictum
984 1413 1043 1484 tibi
1058 1440 1125 1484 non
1144 1413 1223 1483 dicat
1237 1466 1248 1499 ,
1279 1413 1312 1484 id
1325 1412 1503 1500 admoneo,
1533 1413 1589 1484 nisi
1602 1438 1636 1487 tu
1654 1442 1758 1490 coram

445 1509 540 1597 adsis,
564 1514 667 1583 omnis
681 1509 744 1583 hee
756 1513 856 1582 recula
864 1532 915 1581 tua
927 1509 1084 1582 dilabetur.
1132 1515 1248 1579 Petunt
1261 1508 1438 1595 Publicani,
1461 1514 1540 1606 petit
1553 1509 1758 1586 Franciscinus

446 1606 594 1694 Abditas,
619 1632 729 1706 petunt
741 1610 793 1679 alii
806 1609 967 1704 plerique:
998 1628 1033 1676 tu
1046 1627 1147 1676 autern
1170 1603 1266 1676 bellua
1284 1608 1458 1701 negotiator
1478 1609 1603 1679 interim
1623 1609 1757 1698 derides,

445 1730 513 1774 rem
529 1725 613 1776 tuam
625 1703 724 1776 sinens
737 1730 796 1802 perr
805 1705 920 1773 alienos
935 1699 1148 1774 administrari:
1172 1701 1360 1773 &arbitraris
1377 1697 1525 1790 sufficere,
1550 1729 1624 1800 quas
1637 1705 1758 1779 aburbe

446 1796 550 1871 scribis
563 1803 680 1886 literas,
703 1826 778 1898 quas
794 1801 999 1884 Moroniani,
1025 1825 1091 1868 non
1105 1800 1206 1869 dicam
1221 1799 1427 1884 Cancellarii,
1453 1795 1503 1871 sed
1516 1827 1571 1871 nec
1590 1798 1757 1893 subadjuva

447 1894 505 1969 nist
519 1896 628 1969 cursun
642 1898 798 1982 lectitant,
822 1902 855 1966 δι
869 1892 907 1965 ad
920 1920 969 1964 ea:
982 1900 1074 1966 etiam
1086 1892 1261 1966 inconsulto
1274 1896 1422 1966 Domino
1435 1948 1446 1981 ‚
1476 1921 1512 1967 cx
1524 1900 1656 1994 generali
1670 1927 1761 1971 man-

446 1991 519 2065 dato
532 1989 730 2090 respondent,
745 1989 837 2063 verba
849 1992 1064 2088 nimirumpro
1072 1990 1182 2062 verbis.
1205 1991 1343 2088 Oportet
1357 1993 1368 2060 i
1389 1987 1418 2061 se
1433 1991 1524 2079 adsis,
1548 2000 1580 2062 δι
1596 2021 1663 2065 rem
1674 2018 1759 2067 tuam

447 2093 579 2161 eracles:
610 2089 870 2185 alioquinomnia
882 2108 972 2159 erunt
984 2090 1075 2158 irrita
1123 2088 1219 2183 Ego,
1244 2087 1330 2185 quod
1397 2114 1448 2157 me
1462 2091 1613 2184 pertinet,
1638 2089 1759 2189 possum

448 2192 482 2255 δι
497 2182 626 2257 consilio
640 2191 673 2254 δι
686 2182 884 2255 advocatione
896 2181 955 2253 tibi
967 2182 1075 2280 praesto
1088 2181 1146 2255 elle
1163 2212 1171 2252 :
1193 2179 1293 2254 sedit·
1355 2187 1380 2253 ti
1392 2185 1448 2254 alia
1462 2211 1588 2282 quoque
1603 2187 1762 2260 ncccffiria

447 2276 536 2370 sunt,
563 2307 630 2376 quac
643 2278 706 2377 ipse
717 2278 855 2379 praestare
867 2305 1010 2377 nequeo:
1037 2289 1070 2351 δι
1085 2284 1110 2352 is
1124 2276 1223 2350 solum
1285 2210 1374 2368 ¹ilii,
1408 2286 1491 2370 cujus
1506 2281 1637 2353 interest
1686 2289 1759 2357 Scio

450 2404 502 2447 me
515 2383 549 2449 in
562 2381 722 2449 Toronaeo
735 2399 827 2474 portu
841 2373 933 2447 verba
947 2372 1060 2468 facere:
1084 2375 1136 2446 sed
1150 2377 1183 2448 id
1196 2381 1237 2447 m'
1264 2373 1349 2446 'satis
1361 2374 1423 2461 est,
1437 2377 1524 2474 quod
1537 2381 1639 2449 minus
1649 2383 1761 2478 praedi-

449 2474 536 2545 &um
550 2474 583 2545 id
596 2500 614 2544 a
625 2500 676 2544 me
690 2468 802 2544 caussri
814 2500 881 2545 non
941 2478 1022 2545 teris.
1068 2476 1190 2544 Mirum
1206 2495 1286 2545 certe
1299 2470 1343 2543 est
1355 2494 1386 2543 te
1399 2472 1758 2570 prudentemhominem,

448 2570 568 2643 duobus
582 2567 736 2642 mensibus
751 2596 818 2641 non
833 2597 875 2668 po
898 2595 916 2639 e
931 2569 969 2641 ab
982 2569 1038 2643 hac
1051 2573 1135 2641 curia
1145 2567 1250 2641 abesse.
1297 2571 1379 2640 Non
1392 2573 1484 2666 exigo
1498 2591 1533 2642 ut
1546 2598 1612 2644 tam
1629 2574 1762 2646 derelin-

448 2693 542 2765 quas,
566 2664 618 2740 sed
630 2689 666 2740 ut
677 2665 855 2740 breviffirno
868 2667 929 2738 hoe
943 2672 1078 2740 termino
1094 2663 1233 2754 secedas,
1256 2665 1358 2739 {latim
1371 2663 1556 2756 reverliuus,
1581 2669 1658 2744 srita
1670 2673 1758 2746 vide-

445 2763 541 2838 bitur.
589 2767 648 2840 Sed
660 2766 723 2836 hac
737 2762 889 2836 haerente.
935 2768 989 2837 De
1011 2765 1142 2864 publicis
1162 2764 1251 2835 rebus
1270 2762 1347 2836 nihil
1360 2762 1504 2861 estquod
1524 2761 1673 2857 scribam,
1698 2770 1756 2842 nist

449 2888 508 2934 nos
520 2865 647 2938 meliora
661 2867 695 2933 in
708 2862 772 2934 dies
784 2856 908 2958 sperare.
957 2862 1057 2954 Quod
1072 2864 1215 2960 privatim
1228 2861 1265 2932 ad
1279 2888 1329 2932 me
1346 2864 1454 2931 attinet
1467 2914 1478 2947 ,
1508 2865 1595 2933 valeo
1612 2892 1757 2962 corpore,

449 2983 556 3031 mente
568 2986 644 3031 vero
658 2984 825 3055 nonaeque.
851 2956 1397 3044 CombuileruntrnihiGallivillam,
1423 2955 1757 3035 destruxeruntomnia:

449 3053 527 3126 nihil
542 3053 587 3126 est
598 3058 752 3151 reliquum
762 3076 870 3150 prater
880 3052 988 3129 solum.
1013 3052 1325 3141 ACtuiaabhorreo‚
1349 3055 1686 3152 quodineanemoest,
1701 3066 1758 3157 qui

448 3148 520 3221 sciat
525 3156 633 3221 literas.
657 3152 765 3222 Velim
778 3176 862 3221 cures
876 3152 914 3224 ad
926 3179 976 3223 me
990 3149 1102 3224 deferri
1116 3153 1238 3222 lexicon
1249 3150 1324 3221 illud
1338 3149 1544 3222 decumanum
1556 3157 1666 3225 Varini
1678 3157 1757 3254 Epi-

449 3245 549 3344 scopi:
572 3245 742 3318 numerabo
756 3244 1024 3343 enim-praesentem
1029 3251 1191 3346 pecuniam
1198 3249 1228 3318 ei
1240 3250 1296 3345 qui
1308 3249 1448 3318 attulerit.
1472 3247 1602 3344 Opinor
1615 3274 1646 3322 te
1660 3258 1759 3325 mani-

450 3369 503 3413 rne
555 3342 648 3414 odere
655 3341 699 3414 ob
712 3369 832 3414 novum
844 3343 1047 3431 Pontificem,
1071 3348 1120 3417 vel
1134 3344 1220 3443 Jovii
1232 3344 1327 3414 nostri
1338 3339 1438 3428 causa,
1463 3370 1558 3442 quem
1571 3342 1658 3444 spero
1673 3348 1759 3423 brevi

451 3369 737 3538 Epiicbpizandum.
785 3442 817 3509 Si
832 3462 866 3510 tu
878 3439 1028 3516 censueris
1034 3495 1046 3528 ,
1068 3441 1106 3512 ad
1120 3467 1193 3512 eum
1204 3444 1407 3546 gmnlatorias
1419 3442 1517 3512 literas
1527 3442 1608 3513 dabo
1621 3499 1631 3531 ,
1655 3443 1760 3520 horta-

449 3535 573 3636 borque
584 3535 789 3610 tandem‘edat
799 3533 956 3611 historiam
969 3595 981 3627 ,
1005 3538 1092 3610 videt
1104 3540 1189 3608 enim
1204 3541 1237 3608 in
1248 3544 1369 3608 lummo
1383 3563 1484 3608 rerum
1497 3537 1696 3613 humanarum
1710 3540 1758 3616 fa-

451 3631 560 3731 stigio,
585 3661 672 3721 cum,
697 3637 748 3704 cui
763 3655 883 3706 tantum
896 3661 975 3732 opus
987 3637 1100 3708 merito
1113 3632 1241 3706 dedicet
1271 3637 1359 3708 Vale.
1384 3635 1556 3708 Mediolani
1565 3643 1758 3733 QuartoKa-

448 3728 751 3806 lendasDecembris.
778 3754 817 3805 M.
842 3754 879 3803 D.
903 3757 1022 3804 arur.

717 3845 721 3853 '
804 3825 1193 3928 tnrsroir
1241 3827 1407 3926 x'x1r

455 3979 1090 4077 FRANCISCO
1164 3985 1533 4078 CALVO.
1620 3989 1762 4082 S.D.

946 4142 1098 4216 Andreas
1119 4149 1278 4217 Alciatus.

495 4246 604 4297 Romam

534 4273 636 4411 'Ccepi
651 4315 772 4388 tandem
784 4318 884 4387 literas
899 4337 987 4401 nias,
1020 4323 1052 4387 δι
1067 4317 1272 4406 idintellexi,
1302 4318 1388 4414 quod
1404 4320 1595 4414 potissimum
1608 4319 1683 4394 scire
1696 4345 1767 4392 ave-

534 4410 624 4500 bam,
649 4436 688 4482 an
701 4409 1029 4506 videlicethujufinodi
1049 4408 1509 4490 ficcrdotireomrncndationis
1527 4421 1619 4491 titulo
1640 4416 1779 4588 cpqeeaqlti·
