4067 5425
385 295 555 379 -7s
817 287 1553 379 cusnnnnvrr

532 431 615 482 erut:
639 406 726 508 quod
748 405 803 477 ubi
811 403 937 478 phaselo
943 408 976 474 in
989 405 1197 499 captivitatem
1208 428 1226 473 a
1237 401 1353 475 Parthis
1366 401 1517 494 abnuo,
1535 403 1671 498 ejusdem
1686 412 1826 487 Antonii

509 441 714 582 beneficentia
739 509 773 572 δι
790 502 894 601 postea
907 499 998 599 ipsius
1012 498 1138 571 cesaris
1153 503 1237 570 conti
1262 501 1301 587 ‘t,·
1324 520 1392 570 nam
1404 497 1472 571 sane
1487 528 1554 574 non
1565 507 1695 602 amplius
1709 511 1828 604 mercip-

511 636 567 699 χης
590 602 640 675 sed
664 602 805 683 βασιλεύς
829 598 926 668 didius
948 595 1002 667 cli.
1047 596 1170 666 nostor
1188 596 1211 688 J
1244 596 1340 692 epirus
1361 594 1431 668 libri
1453 595 1586 686 ejusdem
1608 606 1706 698 rapite
1729 630 1786 674 xxt
1796 633 1826 677 1.

512 705 612 776 {latim
637 700 737 769 initio.
783 698 841 766 Fet
861 692 962 793 queso
980 719 1033 765 me
1046 714 1151 775 tecum
1160 692 1284 767 liberius
1296 714 1455 790 agentem,
1479 699 1541 767 Vir
1552 699 1687 796 Magne,
1711 707 1744 770 δι
1758 701 1828 774 fos.

483 840 489 859 .
510 823 582 871 teau
604 821 676 866 cum
692 790 866 862 scholastico
890 791 1072 876 ridiculum,
1096 789 1172 862 dum
1192 815 1265 860 nem
1288 816 1305 859 e
1327 810 1358 860 te
1379 789 1437 860 tib'i
1457 816 1499 888 op
1544 818 1593 863 no.
1644 795 1704 867 Sed
1717 795 1742 867 fi
1755 826 1827 897 quae

512 897 591 967 olim
603 919 619 961 a
630 916 660 960 tc
674 889 758 960 docti
772 886 890 974 sumus,
903 887 1069 987 aliquando
1086 884 1177 956 nobis
1189 908 1219 956 te
1227 815 1294 985 ipsit
1300 883 1446 984 magistro
1454 817 1628 961 dedicenda
1634 888 1830 992 sunt,quan·

512 994 556 1063 do
569 988 691 1058 tandem
704 983 832 1055 sciemus
844 1009 902 1054 nos
915 986 948 1054 in
964 1009 1071 1054 venum
1086 980 1239 1055 incidisse?
1264 984 1381 1083 Aliqua
1389 982 1547 1056 occasione
1561 987 1627 1059 data
1640 987 1703 1060 bac
1719 996 1830 1064 conci-

510 1087 612 1159 liabis:
640 1078 731 1173 Absit
742 1082 826 1151 enim
842 1100 877 1151 ut
891 1106 960 1151 mea
973 1079 1057 1150 causa
1071 1078 1247 1151 Diatribarn
1261 1106 1296 1150 ea
1312 1078 1350 1151 de
1371 1077 1540 1169 rescribas,
1555 1110 1649 1183 quam
1664 1113 1700 1157 ex
1713 1084 1770 1159 tuis
1787 1091 1828 1159 li-

512 1183 619 1256 bris&
633 1181 726 1250 literis
741 1178 873 1255 omnino
885 1174 952 1247 satis
966 1178 1060 1247 intelli
1083 1204 1123 1265 o,
1148 1200 1206 1247 nec
1218 1178 1346 1274 amplius
1353 1179 1696 1276 quicquarnmulsrtabo.
1724 1189 1827 1282 Supe-

510 1285 592 1353 riora
608 1283 715 1348 omnia
727 1272 794 1346 satis
803 1271 952 1363 hilariter,
976 1293 1012 1345 ut
1023 1204 1124 1359 vides,
1147 1270 1343 1377 scripseram,¹
1362 1296 1435 1345 curn
1447 1300 1517 1348 ecce
1532 1297 1597 1350 tuas
1610 1283 1708 1379 Hagae
1721 1307 1826 1353 crata-

511 1401 556 1451 tas
578 1377 705 1471 accipio.
753 1370 843 1468 Qud
862 1370 988 1442 dicun?
1010 1369 1192 1441 Turbatunt
1210 1390 1289 1443 cette
1312 1372 1406 1443 mirri
1422 1374 1484 1443 mei
1504 1374 1695 1447 alacritatem.
1743 1378 1825 1451 Non

513 1478 608 1567 miror
619 1482 722 1544 tamen
735 1496 824 1557 curn,
844 1470 900 1568 qui
913 1486 944 1539 te
956 1467 1074 1539 inducit
1079 1491 1099 1555 ,·
1113 1467 1191 1537 milti
1207 1488 1334 1565 quoque
1348 1466 1484 1541 illudere.
1531 1470 1591 1542 Sed
1608 1473 1703 1544 modo
1716 1501 1829 1547 omnes

513 1579 575 1663 ejus
593 1560 668 1661 artes
680 1569 862 1639 innoxium
877 1586 966 1663 caput
984 1564 1143 1635 recidant:
1175 1586 1270 1662 tuque
1286 1556 1344 1635 ista'
1353 1560 1520 1637 sinceritate
1534 1588 1586 1639 tua
1598 1563 1708 1641 omncs
1723 1571 1825 1645 illius

512 1669 598 1743 modi
610 1664 735 1737 offircias
748 1664 908 1762 abstergas:
953 1668 1082 1754 Quanto
1098 1686 1168 1731 cum
1183 1659 1295 1758 gaudio
1302 1658 1364 1730 bac
1373 1668 1473 1733 Poetae
1480 1664 1523 1734 illi
1538 1664 1747 1764 exprobrabo:

647 1768 760 1853 Vane„
769 1813 946 1834 ......
969 1768 1084 1830 animis
1090 1760 1263 1856 frustraque
1277 1763 1355 1829 elate
1359 1758 1492 1861 ficperbis

645 1867 860 1958 Nequicquam
865 1857 974 1953 salim
986 1854 1107 1953 tentasti
1119 1853 1250 1925 lubricus
1264 1877 1355 1927 artes.

512 1963 727 2031 Veruntamen
740 1955 777 2027 stt
795 1957 846 2026 illc
860 1953 1041 2051 improbus,
1064 1978 1103 2022 an
1119 1977 1184 2021 non
1205 1954 1298 2048 aliqui
1313 1949 1391 2021 boni
1405 1957 1439 2021 δι
1453 1948 1508 2023 fidi
1521 1957 1629 2025 amici?
1655 1958 1826 2034 Acccrsivit

511 2058 657 2151 Princeps
670 2080 708 2123 an
724 2080 806 2139 non,
821 2073 855 2122 ut
868 2072 970 2120 tecum
984 2070 1086 2146 ageret
1097 2044 1160 2119 stne
1170 2043 1244 2117 suco
1258 2056 1290 2118 ἃ
1299 2045 1423 2117 fallaciis
1430 2075 1516 2120 more
1523 2059 1696 2142 majorum?
1721 2061 1823 2131 Deeo

511 2153 696 2251 reliquisque
706 2149 852 2221 omnibus
867 2145 930 2217 srlcs
940 2149 1082 2218 omnino.
1098 2146 1224 2240 Nempe
1232 2143 1424 2215 dimidiatum
1432 2150 1592 2245 negotium
1606 2154 1655 2222 vel
1670 2140 1761 2224 ctiam
1771 2160 1823 2228 vix

511 2253 684 2345 incoeptum
700 2244 826 2318 noluisti
839 2245 972 2411 vulpam.
997 2238 1242 2313 conficiendum
1256 2262 1358 2314 tamen
1369 2240 1413 2310 est
1424 2263 1475 2313 aut
1483 2269 1582 2333 nunc,
1597 2270 1822 2349 autnunquam.

511 2348 708 2441 impatienter
728 2343 868 2415 dramatis

509 2437 606 2526 scam,
619 2447 650 2511 δι
661 2442 699 2511 de
708 2434 1071 2512 ConstantinoTrachala
1077 2448 1090 2523 ,¹
1103 2462 1141 2506 an
1158 2434 1319 2529 erizena?
1343 2432 1437 2505 ubiin
1447 2436 1596 2511 Musaeum
1603 2442 1739 2531 redieris,
1763 2447 1822 2519 do-

509 2564 557 2610 ce.
574 2539 652 2611 Vale
668 2559 701 2608 tu
716 2562 788 2609 cum
801 2556 880 2606 tuaa
895 2560 947 2605 me
956 2559 1095 2631 meaque.
1112 2536 1238 2607 Lutetiae
1255 2528 1435 2603 Pariliomm
1447 2541 1763 2637 rxvtrblapi1644.

840 2650 1221 2724 EPISTOLA
1270 2652 1489 2722 LXXVIII.

595 2727 861 2912 'Cufis
930 2759 1087 2914 Ant
1156 2783 1201 2871 tt
1266 2779 1309 2871 A
1379 2775 1428 2871 v
1497 2783 1515 2872 1
1587 2779 1628 2871 υ
1702 2788 1728 2876 s

1013 2927 1143 3039 claudio
1168 2933 1323 3027 sumafio.
1772 3038 1774 3041 Ι
1809 2941 1813 2948 ·

550 3034 704 3107 Lugdunum
727 3035 900 3084 batavorum.

883 2344 893 2409 i
922 2344 967 2409 ius
993 2337 1160 2436 expediabo
1176 2340 1309 2425 exitum,
1334 2364 1429 2437 quern
1442 2337 1602 2436 quaesofac
1617 2343 1717 2415 siatim
1732 2349 1822 2421 resci-
1941 2350 1945 2361 '

603 3109 690 3178 Iderc
704 3102 843 3198 noluisti,
867 3101 991 3204 quando
1004 3105 1137 3174 veritum
1152 3124 1183 3174 te
1197 3100 1344 3174 scribebas
1354 3158 1365 3191 ,
1377 3129 1418 3176 ne
1430 3106 1541 3178 Graece
1553 3103 1734 3177 rescribendi
1743 3132 1820 3179 onus
1960 3131 1961 3134 ’

592 3232 620 3278 a
641 3230 690 3272 me
713 3208 929 3299 imponeretur.
959 3195 1056 3271 'Satis
1077 3197 1215 3273 enimest
1228 3199 1305 3270 mihi
1316 3206 1426 3273 Latine
1439 3201 1557 3274 scire&
1572 3204 1679 3302 loqui,
1705 3203 1816 3275 nedum

508 3325 544 3372 ut
566 3305 600 3372 in
621 3302 732 3372 Graeca
754 3302 858 3394 lingua
873 3300 952 3394 apud
967 3321 997 3367 te
1009 3295 1190 3395 presertim,
1212 3299 1340 3397 glorier3
1388 3299 1451 3370 uod
1464 3323 1499 3370 ut
1514 3297 1646 3370 facerem
1659 3326 1817 3398 nunquam

510 3403 545 3471 in
559 3421 694 3470 mentem
706 3400 811 3482 venit,
826 3415 883 3465 nec
895 3398 933 3465 ali
958 3395 1061 3465 nando
1068 3397 1198 3481 veniet,
1220 3394 1278 3467 nist
1290 3419 1358 3466 eam
1366 3327 1508 3468 babuero
1524 3396 1723 3493 inastragalis.·
1770 3396 1817 3466 Ut

506 3487 657 3568 librorum
670 3489 917 3592 inscriptionibus
929 3423 1066 3563 livorem
1080 3512 1258 3589 magnatum
1269 3495 1435 3579 venereris,
1450 3519 1517 3565 non
1530 3489 1704 3581 suaderem,
1717 3492 1815 3564 nisril-

505 3596 543 3664 lis
554 3591 688 3681 artibus,
714 3594 792 3662 olim
809 3597 841 3660 ἃ
857 3612 939 3684 nunc
950 3585 1030 3687 apud
1047 3587 1197 3660 bonos&
1207 3614 1314 3690 gmvcs
1323 3585 1536 3676 familiaribus,
1560 3589 1696 3661 viderem
1711 3616 1814 3661 eorum

505 3695 633 3787 gratiam
646 3686 892 3788 expugnabilem.
941 3687 1065 3758 Volunt
1079 3687 1124 3755 illi
1137 3687 1200 3756 coli
1213 3687 1353 3758 &omari
1359 3681 1526 3767 secundum
1533 3686 1816 3786 cujusqueanimum

412 3825 417 3848 .
508 3793 542 3855 &
561 3784 751 3880 facultatem..
792 3785 875 3881 Qu
889 3793 971 3855 euim
994 3785 1142 3854 virtutem
1155 3784 1345 3890 ampleiiiuu
1360 3782 1478 3887 ipsum?
1503 3786 1676 3855 Nonnullis
1687 3788 1816 3869 amicos,

505 3883 575 3951 illos
588 3883 680 3949 etiam
696 3883 853 3951 nonnullis
864 3879 978 3951 donare
993 3902 1089 3976 potes.
1136 3885 1227 3951 Serus
1240 3879 1264 3950 sr
1277 3877 1368 3950 facias
1382 3902 1463 3951 certe
1476 3903 1543 3952 non
1559 3885 1668 3971 injuria
1681 3879 1720 3951 de
1729 3904 1818 3952 reer-

503 3974 716 4078 postulabunt,
740 3980 905 4075 aemulique
926 3978 1239 4050 tecalutnniabuntur
1253 3982 1292 4052 ὥς
1312 3977 1479 4076 aegeitanus
1502 3983 1650 4064 efferum
1678 3986 1702 4080 »ᾗ
1720 3980 1819 4062 Λέξις

503 4080 738 4167 paucorumne.
790 4078 923 4172 Sequere
941 4077 1045 4176 itaque
1057 4072 1217 4146 confilium
1230 4088 1355 4167 meum„
1390 4072 1453 4146 uod
1469 4101 1535 4146 non
1548 4073 1649 4173 potest
1664 4074 1820 4146 nonbene

503 4173 618 4244 cedere.
667 4173 823 4242 Hieroclis
841 4173 880 4242 mi
902 4177 993 4248 α’ςεῖα
1018 4171 1100 4242 aliud
1121 4169 1185 4243 fere
1205 4195 1312 4267 agens,
1328 4195 1350 4240 'c
1383 4197 1455 4267 pam
1468 4169 1583 4257 fateor,
1609 4171 1762 4272 legeram,
1784 4180 1817 4240 ἃ

507 4277 602 4366 quem
619 4294 718 4366 nuper
733 4269 802 4340 misr
817 4271 922 4339 locum
936 4267 1154 4364 descripseram.
1204 4270 1249 4339 Ea
1263 4267 1337 4340 dum
1350 4262 1537 4366 diligentius*
1543 4270 1671 4344 revolvo
1685 4271 1819 4365 incapite

507 4367 572 4442 asu*
592 4361 710 4464 deipsis
731 4364 794 4440 huc
814 4369 934 4458 inveni,
958 4393 1027 4467 quae
1050 4366 1292 4464 interpretationi
1306 4387 1364 4438 tuae
1377 4365 1515 4442 adversus
1529 4364 1657 4440 Heraldi
1671 4365 1819 4460 objestio·

598 4500 602 4508 ·
1730 4488 1821 4546 nem,
