4067 5425
480 330 524 407 50
783 301 1514 381 cnsannnrrt

896 456 1289 534 EPISTOLA
1338 456 1421 541 [ΙΙ.

577 590 715 686 CL.
823 566 1729 685 SARRAVIUS

527 844 653 919 m
1006 736 1139 813 Claudio
1162 734 1320 829 sumpto.

483 918 614 1086 DE
630 938 661 988 te
674 913 986 1027 valetudinequetua,
1010 910 1360 1009 sempneroliallieiuu,
1384 903 1813 1021 doneedllaurnueliquid

587 1012 748 1087 rescivero.
796 1007 955 1083 Cinllime
967 1015 1073 1111 itaque
1086 1006 1189 1109 quzso
1207 1007 1355 1094 restrffie,
1378 1006 1457 1106 quid
1469 1027 1502 1076 te
1515 1000 1635 1104 tuusque
1650 1010 1753 1082 zelum
1767 1011 1814 1089 lit.

480 1108 607 1184 Reshic
617 1113 729 1184 eodem
739 1106 907 1196 sintraco,
928 1135 996 1209 quo
1008 1130 1095 1180 erant
1107 1128 1178 1179 ante
1192 1105 1462 1182 discessumtuum
1485 1104 1661 1201 Rogamet
1675 1107 1813 1185 Mille&-

481 1208 545 1279 rius
578 1213 657 1282 rima
679 1206 790 1280 mensu
807 1208 994 1279 facultatem
1015 1207 1247 1304 Theologieam
1261 1204 1369 1277 libello
1387 1199 1541 1300 supplici,
1580 1224 1616 1272 ut
1632 1204 1812 1317 approbaret

482 1328 528 1403 qu
654 1303 913 1403 suumscriptum‚
936 1305 975 1377 ad
990 1301 1196 1404 praescnpmm
1209 1305 1350 1403 quinque
1366 1297 1814 1387 Doetmumurbomcabo.

481 1426 553 1474 mus
566 1430 584 1474 a
596 1400 627 1475 se
639 1407 870 1475 concinnatum.
920 1400 1085 1474 Retusavit
1102 1400 1812 1487 illahominisetiamnumincommunionehae-

479 1499 572 1572 retica
585 1504 642 1591 (ita
654 1504 698 1573 eis
710 1498 796 1572 lubet
809 1524 868 1571 nos
880 1498 1042 1587 infamare)
1056 1503 1188 1570 viventis
1201 1555 1212 1588 ,
1236 1498 1351 1568 librum
1374 1492 1427 1566 ins
1442 1496 1531 1606 icere.
1579 1499 1667 1582 Veni
1679 1496 1718 1567 ad
1731 1526 1808 1591 nos,

451 1596 832 1767 l‘lss'sslll‘lsslfflffi
850 1592 1808 1793 iiffioefflti‘mmuiliiimamffls‘iss

478 1790 570 1905 tniser
582 1795 634 1864 ille
645 1791 740 1864 nescit
747 1817 813 1890 quo
826 1788 857 1860 se
871 1811 977 1860 vertat.
1028 1792 1106 1902 Tria
1121 1816 1142 1859 v
1258 1793 1285 1859 ia
1300 1788 1473 1859 Volumina
1487 1786 1638 1882 Loyolitae
1649 1788 1804 1902 prostant,

476 2105 518 2152 ne
527 2080 651 2156 infamis
661 2084 764 2179 scripti
776 2084 885 2153 oeulos
895 2102 965 2153 tuos
972 2082 1099 2179 polluas.
1146 2084 1229 2178 Quis
1240 2078 1435 2174 enimpudpr
1446 2096 1498 2149 aut
1514 2076 1627 2147 modus
1640 2086 1802 2157 convicio·

476 2187 572 2252 nun?
599 2184 653 2251 Ar
667 2180 772 2282 dignis
779 2183 809 2278 fi
821 2182 903 2251 male
917 2178 1060 2275 dicitur:
1085 2177 1269 2249 bancalium
1283 2178 1398 2274 ejlmeo
1411 2175 1533 2274 quidm
1546 2183 1660 2247 mm.
1710 2185 1748 2250 ln
1765 2185 1806 2255 iis

476 2298 553 2375 quas
565 2275 603 2347 ad
615 2279 758 2348 Lartium
776 2276 917 2347 nolirum
931 2282 964 2346 δι
982 2276 1132 2346 Rivetum
1146 2272 1217 2347 dedi
1237 2276 1348 2359 literis,'
1370 2270 1537 2369 magnifice
1549 2270 1702 2370 insignem
1714 2298 1800 2353 trum

473 2371 725 2473 generositatem,
750 2398 810 2471 qua
821 2371 1060 2444 omnesnollros
1071 2375 1186 2444 aulicos
1195 2367 1446 2468 cumlirisuuplls
1459 2367 1629 2441 honorariis
1639 2370 1803 2468 despuiffl,

473 2467 645 2567 predicavi.
696 2466 783 2541 Faxit
796 2469 970 2567 benignum
993 2473 1125 2541 Numen
1141 2491 1283 2569 utquam
1300 2470 1412 2541 merito
1432 2470 1491 2539 illis
1508 2467 1662 2564 praetulisti
1676 2466 1801 2546 liben-

473 2586 566 2655 tem,
590 2565 759 2641 diutissime
781 2594 852 2667 erga
866 2566 1033 2640 Ecclesiam
1055 2566 1166 2638 officiis
1178 2565 1345 2665 impendas.
1391 2566 1472 2638 vate
1491 2566 1646 2655 Virorum
1657 2567 1799 2644 Maxim

472 2663 754 2833 ppmheroinatua,
779 2665 1029 2767 totaquedom03
1052 2665 1259 2754 &srmereor,
1272 2688 1372 2738 aurare
1382 2687 1484 2762 perge.
1508 2666 1798 2744 Lutrarndld.

510 2788 563 2834 ov.
587 2786 796 2836 eratncxuur.

521 2863 683 2957 Superiora
695 2860 761 2934 heri
775 2857 947 2959 scripseram
962 2915 972 2946 ‚
997 2858 1114 2931 nescius
1127 2885 1193 2959 quo
1207 2887 1241 2932 ta
1252 2859 1459 2936 destinarem?
1483 2857 1664 2932 Libereveae
1676 2887 1732 2933 me·
1741 2863 1797 2938 illa

469 2953 657 3029 hasauuone
670 2959 763 3028 literar
777 2978 853 3044 tua,
877 2957 915 3029 de
929 2957 1043 3056 quibus
1058 2961 1165 3054 gratias
1185 2955 1437 3032 ltabeosummaa
1488 2965 1551 3028 lter
1562 2977 1652 3042 tuum
1666 2957 1734 3031 latia
1745 2957 1796 3034 se-

469 3052 570 3124 liciter
583 3051 752 3151 processisse
765 3054 908 3151 gaudem
940 3059 1060 3125 utinam
1081 3055 1120 3126 de
1141 3055 1314 3152 plenilsrm'e
1334 3076 1507 3175 recuperata
1525 3077 1578 3125 tua
1600 3055 1793 3151 valetudine,

470 3144 559 3221 brevi
579 3177 638 3222 nos
656 3148 747 3222 facias
769 3155 936 3240 certiores,
963 3173 1155 3250 ventumque
1176 3149 1353 3224 nanciscaris
1374 3174 1524 3233 manea
1547 3147 1648 3222 ἰοθλδι
1668 3160 1800 3255 ἐταιρόι,δ
1837 3217 1853 3248 ,
1965 3149 1966 3192 l

469 3248 528 3343 qui
541 3269 571 3317 te
584 3251 689 3345 paucis
702 3245 785 3324 horis
798 3252 832 3321 in
847 3254 968 3321 alteram
980 3252 1063 3321 illam
1083 3254 1209 3347 patriam
1223 3271 1309 3322 tuam
1324 3249 1448 3323 deferar.
1496 3259 1593 3322 Pauca
1611 3248 1713 3323 habeo
1724 3278 1795 3352 quae

468 3343 623 3441 prioribus
629 3341 747 3418 addam.
796 3347 993 3445 Eademque
1007 3346 1044 3418 ad
1058 3347 1241 3418 Laetium&
1254 3350 1425 3435 limenun,
1444 3348 1508 3420 dixi
1519 3372 1648 3446 quoque
1662 3351 1791 3422 Hoeus—

470 3434 540 3528 fio,
566 3441 776 3540 prolixilsune.
823 3442 920 3515 Effert
929 3445 982 3515 'isse
994 3447 1029 3515 in¹
1042 3445 1156 3516 coelum
1171 3444 1368 3517 nobilitatem
1380 3449 1477 3518 animi
1489 3448 1535 3515 tui
1549 3496 1560 3528 ,
1585 3445 1789 3545 promisitque

469 3539 549 3634 apud
562 3541 708 3613 dominos
720 3538 937 3613 suosadurum
948 3539 1024 3627 sese,
1051 3565 1087 3612 ut
1104 3541 1256 3613 liberalius
1272 3564 1377 3613 tecum
1387 3543 1533 3638 deinceps
1639 3621 1643 3630 ,
1693 3544 1790 3617 Con-

469 3640 615 3709 venitme
629 3638 724 3710 hodie
736 3641 906 3735 Peyrerius,
933 3639 1072 3737 dixitque
1079 3641 1157 3710 velle
1170 3635 1199 3709 se
1211 3640 1299 3711 edere
1312 3637 1539 3737 opufetrlumill
1589 3635 1698 3730 suum,
1722 3667 1789 3740 quo

469 3728 581 3803 docere
596 3757 725 3807 conatur
736 3737 974 3808 antelrdamum
992 3733 1120 3807 extitisse
1133 3738 1210 3808 alios
1221 3736 1379 3808 homines:
1403 3733 1787 3833 consrliunrquesuumeffi
1837 3755 1843 3775 '

467 3828 542 3898 illud
554 3828 613 3902 tibi
623 3830 809 3905 inscribendi
824 3887 834 3920 ‚
865 3832 920 3904 sub
934 3832 995 3903 hoc
1008 3837 1127 3920 rioilo,
1157 3842 1314 3907 Somnium
1333 3833 1463 3906 Nobilis
1475 3839 1514 3906 A
1536 3842 1637 3906 ultani
1648 3834 1688 3905 de
1706 3843 1787 3908 Pra-

471 3924 665 4016 Adasnitis,
685 3928 830 4001 allusione
840 3927 952 4002 scilicet
961 3927 1041 4001 ludia
1054 3931 1091 4001 ad
1108 3928 1252 4003 scomma
1261 3935 1379 4004 Grotii.
1424 3934 1457 4004 R
1540 3952 1661 4003 arnum
1674 3932 1789 4030 proba-

433 4094 439 4106 ,
468 4045 535 4094 rem
547 4045 582 4094 ut
598 4029 803 4123 experiretur:
836 4024 958 4099 senihil
970 4027 1010 4098 de
1024 4026 1106 4099 hisee
1124 4027 1276 4117 {lamere}
1307 4028 1486 4103 sedtantum
1507 4026 1784 4116 sententiamsram

469 4118 607 4194 modeste
627 4145 824 4219 proponere,
857 4129 936 4197 cirea
953 4151 1048 4224 quam
1069 4129 1224 4197 invocaret
1244 4126 1433 4200 eruditorum
1453 4126 1573 4219 judicia
1624 4125 1784 4226 Respondi

468 4218 565 4290 mead
574 4241 605 4290 te
613 4223 784 4292 relaturum.
832 4226 889 4294 Tu
905 4219 1080 4295 veroscribe
1093 4223 1169 4321 quid
1181 4226 1209 4293 ei
1222 4220 1399 4296 faciendum
1416 4224 1460 4296 srt
1510 4217 1673 4312 Caltffium
1681 4227 1786 4325 rogavi

464 4333 502 4383 ut
516 4336 547 4385 te
559 4315 669 4390 officiis
680 4316 826 4389 omnibus
841 4319 1053 4391 demereretur.
1106 4323 1231 4391 Puteani
1244 4341 1274 4391 te
1287 4318 1441 4410 salutant,
1464 4342 1594 4422 totaque
1610 4320 1790 4396 circumfusa

445 4407 588 4498 ¹tuliore.
637 4416 736 4488 Utere
746 4419 811 4508 jure
823 4419 979 4488 tuoinme
993 4418 1152 4517 meosque.
1198 4419 1393 4492 Iterumvale.
1697 4517 1778 4588 Em
