4067 5425
497 290 577 359 Ao
616 281 1079 378 ManGunruu
1121 283 1441 364 Eersnonn.
1559 314 1607 382 49

661 459 1235 580 ,EPISTOLA-XIV.

289 667 295 672 -
424 600 1469 728 MARQGUD10.S.D.

703 752 849 852 Joannes
861 763 1009 861 Georgius
1024 765 1187 834 Graevius.

294 955 295 958 ,
391 890 477 966 Uam
489 891 580 965 inibo
593 894 744 964 canonem
759 892 902 991 expiandi
921 896 1042 994 cuipam
1054 952 1064 985 ,
1097 923 1190 995 quam
1208 896 1387 994 longissimo
1410 892 1472 967 boc
1485 891 1605 967 silentio

292 898 509 1083 ‚Qtantam
520 992 681 1077 contraxi,
702 1009 738 1059 ut
749 991 798 1062 illa
812 1016 863 1061 me
877 1016 936 1061 nec
950 994 1010 1064 Dii
1025 1019 1082 1064 nec
1097 993 1241 1065 homines
1255 991 1428 1082 exsolvere,
1460 1017 1518 1063 nec
1537 1017 1608 1090 gra-

286 1086 397 1160 vissimi
409 1084 500 1180 hujus
512 1090 650 1159 crimmis
661 1088 784 1157 venum
799 1089 960 1183 impetrare
977 1091 1062 1185 posse
1073 1091 1241 1162 videannu.
1266 1095 1339 1164 Nec
1353 1090 1606 1177 caulianeccon-

285 1183 351 1268 filiu
406 1189 527 1281 'equam
540 1185 678 1280 reperio,
691 1182 819 1281 quodte
829 1181 1057 1282 mihimitiget,
1079 1187 1297 1283 acplacabilem
1310 1187 1423 1258 reddat„
1471 1184 1588 1285 Justisli

286 1211 464 1353 massglbea
478 1280 661 1377 indignandi
680 1277 799 1350 caussae
848 1281 920 1350 Nec
941 1301 977 1351 tu
997 1304 1101 1353 tamen
1120 1304 1278 1379 tantopere
1299 1282 1377 1355 mili
1395 1304 1488 1380 potes
1502 1281 1605 1372 irasci,

286 1389 437 1474 quantum
451 1376 530 1449 mihi
542 1375 606 1475 ipse
618 1373 727 1448 irascor
739 1430 749 1462 ‚
779 1397 992 1476 quantumque
1005 1376 1083 1451 mihi
1098 1377 1159 1477 ipse
1175 1379 1287 1450 invisio
1299 1406 1422 1452 execror
1435 1379 1513 1451 hanc
1527 1405 1602 1476 pro-

284 1472 546 1562 crastinationem,
569 1476 735 1572 perquam
749 1493 836 1543 tanto
851 1476 1008 1547 intervallo
1022 1475 1103 1548 nitri}
1113 1500 1175 1573 ego
1189 1475 1227 1547 ad
1240 1499 1290 1563 te,
1314 1479 1510 1548 nunnullum
1520 1499 1602 1550 tem-

283 1595 342 1667 pus
354 1574 457 1642 mitius
470 1570 611 1644 debuerit
621 1592 745 1642 mutum
759 1568 817 1640 esse
830 1597 848 1640 a
861 1573 1070 1663 menineris,
1095 1574 1219 1672 quitam
1226 1575 1363 1672 prolixe,
1385 1594 1449 1643 tam
1463 1596 1599 1645 amanter

283 1687 345 1738 ate
356 1667 424 1739 bum
435 1689 603 1764 acceptata,
632 1693 705 1738 cum
727 1687 797 1737 anoe
811 1666 975 1740 biennium
993 1695 1050 1741 vos
1064 1669 1250 1757 inviserem,
1283 1695 1317 1740 ac
1329 1665 1435 1766 postea
1448 1694 1515 1738 non
1527 1676 1601 1742 unis

283 1762 420 1860 epistolis
433 1766 531 1860 plenis
544 1767 653 1836 aaronis
667 1789 700 1834 ac
712 1761 934 1835 benevolentia
948 1763 1014 1836 sum
1028 1794 1046 1836 a
1066 1788 1097 1837 te
1111 1769 1318 1864 compellatus.
1365 1766 1541 1863 Nunquam
1552 1771 1601 1837 vi-

283 1860 362 1931 deor
373 1862 494 1956 gravius
506 1858 655 1932 scribendi
668 1885 779 1932 munus
784 1857 957 1933 sustinuisse
970 1918 983 1950 ,
1018 1891 1112 1963 quam
1124 1866 1158 1934 in
1169 1862 1225 1934 hac
1239 1861 1366 1961 epistola
1379 1860 1417 1932 ad
1430 1881 1461 1931 te
1475 1886 1600 1932 ennaran-

282 1953 330 2027 da
380 1962 496 2053 Angor
508 1955 607 2029 hercle
621 1953 654 2028 de
667 1960 785 2027 crucior
803 1957 949 2038 misaam
963 1963 998 2030 in
1011 1961 1142 2032 modum
1158 2014 1168 2046 ,
1198 1986 1256 2031 nec
1271 1959 1349 2059 quid
1368 1958 1468 2029 dicam
1481 1954 1581 2028 habeo
1588 1999 1603 2047 ,‹

281 2050 340 2124 nist
353 2056 444 2124 Deos
458 2052 537 2124 mihi
550 2051 637 2126 fusse
649 2058 759 2139 iratos,
791 2077 865 2126 curn
877 2052 972 2152 passus
985 2055 1052 2128 sum
1065 2083 1117 2129 mc
1133 2059 1225 2127 toties
1238 2053 1390 2152 totiesque
1402 2052 1440 2124 ab
1453 2052 1514 2126 boc
1528 2053 1600 2125 scri-

281 2146 377 2222 bendi
388 2146 495 2222 officio
508 2154 635 2224 avocari.
683 2158 792 2222 Poenas
803 2152 930 2250 quidem
941 2155 1120 2242 jamdudum
1133 2151 1213 2224 mihi
1228 2153 1291 2251 ipse
1305 2152 1376 2225 dedi
1389 2148 1457 2221 satis
1467 2149 1601 2239 acerbas,

282 2271 417 2332 mmme
439 2246 611 2319 deburdavi
630 2244 732 2317 fiudiu
749 2244 911 2318 suavissimi
932 2253 980 2320 tui
999 2253 1126 2349 alloquii
1140 2253 1300 2337 litterarii,
1331 2246 1418 2347 quod
1430 2273 1492 2345 ego
1505 2247 1597 2319 rebus
1745 2263 1754 2279 “
1840 2192 1849 2202 ·

281 2342 429 2414 omnibus
443 2365 601 2441 antepono
617 2373 626 2414 ε
656 2341 706 2414 sed
720 2340 781 2414 hoc
793 2343 933 2442 supplicii
943 2369 1059 2442 genere
1071 2346 1131 2417 tibi
1142 2345 1307 2418 satisfacere
1319 2370 1451 2444 nequeo.
1501 2352 1598 2442 Quo-

281 2464 404 2539 cunque
420 2465 472 2511 me
486 2461 575 2528 verto
585 2438 734 2538 nusquam
745 2439 823 2511 mihi
837 2444 1002 2539 quicquam
1016 2441 1146 2540 praesrdii
1157 2443 1272 2529 video,
1297 2440 1355 2511 nist
1370 2446 1404 2511 in
1417 2462 1469 2510 tua
1483 2462 1533 2511 tot
1546 2443 1595 2512 lu-

282 2539 410 2609 culentis
419 2539 623 2633 argumentis,
650 2546 683 2607 δι
696 2534 775 2608 mili
785 2541 847 2609 aliis
872 2564 911 2607 ue
926 2535 946 2607 s
961 2540 1056 2610 edinta
1069 2538 1208 2618 bonitate
1221 2546 1253 2608 &
1267 2538 1466 2633 benignitate.
1515 2542 1595 2608 Haec

280 2635 386 2722 unica,
411 2633 553 2732 adquam
564 2630 733 2731 confligio,
756 2660 805 2706 ara
817 2564 896 2706 nulli
906 2564 1065 2707 usellen
1113 2637 1195 2709 Non
1208 2632 1264 2706 soli
1277 2636 1371 2732 patri,
1395 2631 1483 2721 sed&
1492 2636 1593 2704 amico

279 2757 339 2831 pro
351 2751 478 2829 peceato
492 2755 607 2829 magno
621 2733 755 2828 paullum
768 2730 909 2831 supplicii
921 2730 987 2804 bais
1001 2733 1054 2805 est.
1102 2734 1211 2805 Unam
1223 2731 1301 2802 hanc
1316 2732 1457 2815 noxiam,
1481 2733 1596 2802 utCo·

279 2830 356 2900 mici
369 2827 470 2899 verbis
480 2850 565 2915 utar,
588 2830 715 2914 omitte3
730 2826 753 2898 sr
769 2831 858 2901 aliam
869 2828 1019 2902 admisero
1032 2856 1186 2929 unquam,
1202 2827 1346 2900 occidito.
1395 2825 1528 2895 Occides
1540 2853 1596 2896 au-

279 2945 363 3010 tem,
387 2922 921 3018 sramicitiammiltirenuntiareris.¹
948 2925 1170 2999 Caussamvero
1184 2923 1596 3022 nondicam,qur'neamro

278 3026 421 3111 nunties,
444 3021 468 3091 sr
481 3019 642 3093 scribendo
657 3043 688 3092 te
708 3025 743 3092 in
753 3021 908 3120 posterum
923 3048 989 3095 non
1005 3028 1129 3122 expleto
1144 3078 1154 3110 ,
1185 3022 1387 3119 testatumque
1409 3017 1467 3089 tibi
1488 3016 1592 3091 fecero

277 3144 363 3205 rem,
379 3121 703 3218 quamvisminimam,
716 3140 800 3191 tuam
814 3117 892 3190 mihi
907 3121 1099 3218 magistordi
1113 3122 1189 3209 csse,
1214 3146 1307 3218 quam
1319 3143 1401 3188 meas
1412 3142 1459 3186 res
1472 3142 1591 3187 omnes.

280 3222 389 3310 Quem
401 3217 484 3288 diem
500 3241 541 3287 ne
555 3241 693 3312 unquam
703 3216 823 3287 videam
834 3219 883 3287 Di
894 3240 1039 3289 avertant.
1090 3215 1181 3288 Nihil
1195 3222 1280 3288 enim
1294 3213 1371 3285 milri
1378 3213 1513 3283 accidere
1563 3213 1593 3283 s-

277 3308 322 3397 set
340 3312 484 3383 acerbius.
532 3316 624 3383 Forte
644 3311 681 3383 ad
701 3312 879 3383 leniendum
892 3334 924 3382 te
939 3315 1162 3412 &placandum
1184 3311 1327 3384 nonnihil
1346 3310 1438 3383 saciet
1456 3240 1592 3406 prebiio

277 3435 364 3497 mea,
379 3418 413 3481 dc
426 3410 699 3493 notaeinslonrm,
724 3410 1024 3507 quemElzevirioad
1038 3433 1069 3481 te
1076 3411 1241 3481 curandum
1248 3434 1331 3478 nunc
1345 3405 1504 3491 commisi,
1519 3431 1592 3476 cum

277 3533 317 3579 ex
331 3509 368 3577 iis
380 3509 542 3603 cognoris,
566 3531 636 3592 me,
660 3507 732 3575 licet
743 3508 777 3575 in
790 3507 897 3576 litteris
910 3507 1015 3579 dandis
1029 3506 1140 3578 fuerim
1157 3506 1290 3576 summus
1303 3500 1444 3586 cessator,
1467 3525 1534 3570 non
1543 3523 1589 3569 ta-

278 3629 352 3677 men
364 3607 398 3673 iia
411 3603 542 3685 annndo
557 3598 670 3672 cessasse
684 3627 718 3672 ac
738 3600 887 3698 frigidum
908 3601 1005 3675 fuisse.
1056 3612 1094 3674 ln
1114 3607 1207 3674 Floro
1220 3594 1470 3694 recognoscendo
1483 3594 1506 3665 sr
1519 3616 1591 3665 tan-
1612 3640 1618 3651 ·
1682 3662 1686 3666 .

276 3722 346 3773 tum
358 3703 505 3798 temporis
518 3697 615 3769 abste
630 3719 681 3769 tua
694 3701 808 3795 poteris
821 3725 936 3796 ponere
951 3756 962 3788 ,
993 3723 1029 3771 ut
1043 3704 1103 3769 tuis
1115 3698 1280 3769 miniatulis
1294 3697 1373 3765 ceris
1387 3692 1590 3785 naporyiaoea

278 3821 349 3870 mea
360 3818 463 3868 notare
477 3797 618 3892 dignatus
631 3791 740 3882 fueris,
764 3797 853 3893 plane
868 3817 904 3866 to
913 3823 1037 3868 mecum
1051 3800 1084 3864 in
1098 3796 1225 3891 gratian
1231 3790 1348 3863 rediisse
1356 3786 1482 3888 putabo.
1508 3792 1591 3861 Tus-

276 3888 424 3967 limarum
437 3891 631 3988 epistolarum
644 3917 661 3960 a
682 3918 733 3962 rne
749 3891 959 3963 recenfitarum
978 3895 1127 3963 volumen
1140 3916 1213 3961 cum
1227 3887 1285 3959 tibi
1303 3913 1369 3958 non
1383 3886 1589 3984 improbatur,

278 4012 315 4061 ut
328 3986 448 4073 scribis,
471 3988 537 4058 satis
547 4012 695 4084 magnum
709 3993 842 4088 pretinm
853 4015 954 4087 opera
968 3993 1026 4060 illis
1040 3987 1181 4086 impensae
1194 3985 1271 4057 stro.
1302 3982 1434 4056 Videbis
1442 3982 1591 4080 postpau-

277 4108 331 4158 cos
346 4081 464 4175 menses
476 4083 614 4179 epistolas
624 4084 663 4156 ad
676 4088 836 4173 Atticum,
861 4108 928 4183 qut
942 4112 1025 4156 nnnc
1040 4107 1182 4155 exercent
1194 4107 1301 4179 operas
1316 4080 1589 4152 Amsterodamen-

274 4181 324 4252 ses
337 4179 466 4275 sirenue.
515 4184 641 4277 Accipis
658 4188 717 4270 jam
739 4179 894 4278 specimen
908 4186 1057 4253 variarum
1071 4184 1240 4252 sedtionum
1262 4182 1295 4247 in
1315 4194 1371 4247 tuo
1394 4177 1587 4271 Hippolyto,

279 4279 870 4375 quasmccumcommunicavitliwaldus
882 4274 1234 4357 RulaeusHarlemensrs,
1259 4275 1367 4346 dodius
1379 4273 1504 4361 juvenis.
1529 4272 1588 4337 Eae

276 4370 954 4474 exsulusecumtuleratfintcrejusl’hilippua
966 4377 1106 4543 Rnlagu,
1130 4371 1387 4471 virpercruditus‚
1412 4363 1593 4555 qnipasdllg
1651 4456 1653 4458 q
