4067 5425
305 4173 311 4184 ,
443 4104 537 4173 ⁴enim
550 4101 646 4173 adhuc

417 336 499 406 ²108
673 314 1530 413 Cassera-arDocarss'rnr.

420 455 667 528 conmendavit
701 456 740 528 ab
763 484 802 527 eo
825 479 962 551 tempore
983 451 1062 524 nilnl
1080 453 1156 523 ultra
1169 455 1281 549 accepi.
1316 452 1469 522 Desidero
1484 454 1585 551 itaque
1600 450 1737 523 cerrima

429 576 462 624 te
475 553 590 650 aliquid
603 550 658 623 bac
668 552 707 623 de
721 578 753 622 re
766 553 929 648 explorari,
946 556 979 619 ὅ(
995 549 1072 646 quid
1085 570 1277 644 compertum
1291 546 1430 618 habueris
1443 548 1611 619 admoneri.
1642 548 1740 715 (im

428 658 463 720 δι
479 649 518 719 de
531 652 642 719 carceris
652 645 827 745 quibusque
842 645 1021 717 doctiffnnis
1033 667 1068 715 ut
1082 642 1172 715 facias
1184 648 1276 715 etiam
1290 665 1320 714 te
1330 666 1421 741 atque
1436 647 1527 714 etiam
1542 670 1621 743 rogo
1637 676 1645 717 :
1680 650 1740 716 cri-

429 746 538 843 boque
554 743 591 814 ad
605 766 635 814 te
654 744 707 813 has
726 742 801 814 adeo
818 745 962 840 prolixas,
986 767 1044 812 nec
1056 745 1124 811 otio
1137 768 1188 811 me
1202 740 1287 811 abuti
1301 744 1429 826 censeo,
1454 747 1637 839 uteremplo
1656 745 1738 811 invi-

428 864 493 912 tem
514 839 552 913 ad
570 835 709 911 facienda
730 863 854 909 mecum
872 842 962 936 paria.
1011 838 1103 909 Edidi
1126 863 1223 933 nuper
1235 837 1273 907 ad
1284 833 1440 933 Rescripta
1454 841 1633 934 Principum
1646 837 1740 907 libros

430 942 589 1046 quinque,
608 934 669 1006 hoc
682 933 726 1006 est
738 934 826 1026 hujus
836 936 1075 1020 annilcdluram,
1100 933 1297 1031 dedicarique
1309 932 1571 1005 Reverendiffimo
1586 960 1604 1004 a
1617 933 1738 1020 caefiis,

432 1042 493 1104 lave
507 1053 543 1100 ut
556 1032 734 1102 Tudertino
749 1057 870 1102 morem
883 1055 1037 1128 gererem,
1062 1054 1200 1127 quocum
1213 1030 1371 1099 arsliffima
1387 1035 1498 1126 jungor
1508 1033 1653 1116 amicitia,
1678 1029 1739 1101 srve

432 1150 467 1200 ut
478 1131 684 1226 qualicunque
697 1127 769 1198 huic
781 1127 997 1224 labori,quem
1015 1130 1048 1198 in
1081 1128 1216 1195 rovincia
1231 1124 1285 1194 bac
1300 1130 1380 1195 irrita
1389 1122 1582 1196 Bononiense
1594 1123 1738 1224 suscepit,

431 1225 547 1322 aliquid
558 1227 659 1322 gratia
671 1223 878 1321 rependerem.
929 1152 1110 1321 Cognosdes
1127 1249 1163 1290 ex
1171 1220 1296 1318 epistola
1312 1223 1350 1292 ad
1361 1224 1525 1305 ledorem,
1539 1220 1651 1319 quibus
1668 1249 1741 1295 cau-

433 1321 471 1392 srs
489 1322 571 1391 acius
587 1322 757 1392 editionem
771 1317 947 1390 festinarim.
998 1316 1250 1388 persuasissimum
1266 1318 1297 1388 id
1304 1318 1362 1388 tibi
1381 1316 1473 1404 habe,
1496 1320 1593 1389 Calve
1605 1322 1739 1415 optime,

434 1417 458 1488 fi
481 1415 541 1486 huc
564 1417 669 1488 decem
691 1420 837 1487 Decii&
859 1418 970 1512 viginti
990 1416 1094 1484 Curtii
1117 1413 1317 1498 advenirent,
1350 1411 1417 1483 fore
1440 1436 1599 1485 utuomnes
1621 1414 1659 1486 ab
1680 1418 1741 1487 Al-

433 1518 513 1585 ciato
542 1515 645 1584 multis
672 1510 840 1610 parasangis
868 1532 1149 1608 praevorterentur:
1189 1509 1265 1580 adeo
1287 1512 1371 1580 Galli
1397 1508 1444 1579 isti
1466 1509 1618 1581 bonamm
1642 1514 1741 1583 lite'ra-

434 1636 504 1680 mm
516 1612 686 1680 Latinitatis
712 1636 749 1679 ue
769 1603 1004 1691 amantessunt,
1029 1629 1063 1676 ut
1081 1609 1275 1703 quantumvis
1295 1610 1462 1676 maximum
1482 1606 1642 1679 dociorem
1659 1608 1742 1681 sasti-

435 1707 533 1791 dianr,
558 1705 614 1777 nisr
630 1713 663 1775 &
679 1636 761 1776 ilem
780 1706 963 1801 eloquentia
983 1701 1088 1772 studiis
1112 1705 1294 1797 praemineat.
1345 1708 1465 1773 Vereor
1486 1702 1509 1772 si
1530 1704 1563 1771 in
1577 1707 1742 1777 ltaliaeum

436 1826 557 1873 morem
576 1800 690 1873 servare
715 1803 852 1886 vellem,
878 1821 912 1869 ut
931 1823 986 1894 per
1003 1800 1217 1896 imperitorum
1227 1801 1433 1895 querimonias
1446 1797 1523 1869 mihi
1535 1802 1647 1871 licerer.
1696 1809 1744 1873 At

435 1897 486 1968 hic
500 1924 610 1970 onmes
622 1924 687 1968 uno
700 1921 755 1968 ore
770 1895 847 1966 harre
858 1892 1040 1966 methodum
1052 1896 1192 1991 vulgara,
1217 1921 1277 1991 qua
1288 1902 1347 1983 jam
1363 1896 1479 2059 aliqpps
1495 1894 1611 1967 moises
1628 1897 1743 1969 docue-

353 2000 360 2015 “
436 2022 519 2080 ram,
544 1996 745 2091 praetulerunt.
797 2000 877 2087 Qua
900 1989 985 2062 caula
1007 1988 1050 2060 est
1068 2012 1103 2059 ut
1125 1998 1158 2059 &
1180 1988 1324 2060 libentius
1338 1989 1388 2058 hic
1462 2018 1528 2061 eam
1544 1999 1577 2061 &
1591 1998 1686 2090 magis
1705 2021 1744 2065 ex

435 2095 543 2161 eninm
557 2088 655 2160 studia
678 2086 741 2159 hac
763 2089 949 2186 pertrasiem.
976 2086 1115 2156 Scribam
1127 2087 1163 2157 a'd
1173 2084 1381 2155 Sebastianum
1388 2086 1581 2184 Gryphium,
1595 2093 1744 2189 quiLug·

438 2188 516 2257 duni
535 2188 616 2281 plera
640 2210 764 2254 nemea
784 2184 927 2279 excudit,
953 2206 987 2252 ut
1004 2182 1041 2252 ad
1054 2204 1084 2253 te
1106 2182 1143 2253 de
1156 2181 1330 2252 'verborum
1350 2168 1572 2275 fignificatione
1586 2187 1741 2257 Cardinali

438 2212 640 2352 Tumonensi
655 2280 803 2365 dicatum,
832 2283 968 2377 itemque
983 2278 1019 2348 ad
1031 2277 1172 2375 rescripta
1185 2281 1364 2375 Principum
1376 2278 1470 2349 libros
1484 2282 1623 2377 quinque
1634 2284 1744 2355 mittat.

345 2432 350 2447 .
439 2374 556 2448 Rursus
577 2376 614 2448 de
628 2379 769 2474 quinque
780 2378 896 2473 pedum
910 2372 1131 2472 praescriptione
1144 2374 1189 2445 sm
1213 2377 1346 2473 ularem,
1368 2373 1441 2444 hinc
1456 2382 1489 2444 δι
1504 2375 1542 2445 de
1553 2378 1746 2489 magnatibus

437 2472 655 2586 civilibusque·
665 2481 699 2544 δι
721 2472 900 2543 militaribus
915 2469 1026 2541 officiis
1037 2474 1146 2553 alium,
1171 2400 1265 2637 isque
1280 2493 1313 2540 ut
1323 2467 1425 2541 scribis
1439 2470 1637 2567 proceffionrs
1650 2476 1743 2548 causa
1826 2534 1829 2539 ,

439 2573 511 2641 Scio
525 2572 610 2639 enim
631 2596 665 2640 rn
678 2596 825 2667 pompam
847 2565 1040 2640 circumferor
1060 2593 1203 2638 commen
1226 2564 1359 2679 ubisque.
1385 2573 1432 2637 At
1446 2567 1522 2665 quid
1531 2568 1588 2638 tibi
1603 2595 1664 2683 ego
1678 2576 1747 2643 vice

441 2688 548 2739 mutua
581 2693 617 2737 ro
629 2671 783 2765 preconio
795 2665 856 2738 hoc
868 2663 1176 2760 numerabo?nempe
1191 2687 1340 2735 rationem
1352 2664 1745 2765 edendiantiquani,quam
1771 2719 1775 2728 -

440 2790 507 2834 non
527 2692 637 2834 dubim
658 2791 675 2834 e
697 2789 730 2833 re
749 2784 800 2833 tua
822 2760 964 2832 futuram.
1012 2760 1212 2830 Admirareris
1228 2757 1351 2864 srkscires
1365 2788 1458 2858 quam
1470 2760 1607 2873 religiose
1622 2791 1672 2834 me
1686 2770 1745 2836 im·

418 2891 421 2900 ·
440 2857 606 2956 pressorum
621 2858 756 2956 magistri
766 2859 905 2954 plerique
917 2883 983 2927 non
999 2856 1062 2926 sme
1076 2855 1252 2926 muneribus
1260 2856 1383 2936 adeant,
1393 2856 1746 2932 &utParrfiensesomit-

443 2979 525 3043 tarn,
549 2954 719 3039 Frobenii‚
742 2954 937 3040 Cratander,
961 2952 1114 3023 Bebellius
1129 2979 1146 3021 a
1164 2950 1276 3020 Basrlea
1288 2951 1411 3049 smgulis
1424 2954 1570 3026 nundinis
1584 2953 1748 3029 munuscu-

440 3054 666 3136 summittunt,
691 3074 752 3145 ego
766 3075 838 3120 cum
853 3052 911 3119 illis
924 3051 992 3118 viee
1009 3070 1116 3118 munta
1129 3048 1244 3145 aliquid
1258 3054 1464 3120 commrmico.
1514 3054 1687 3124 Cratandro
1700 3080 1748 3126 re·
1789 3105 1794 3116 ·

444 3149 569 3258 cognita
580 3150 727 3242 auslaque
740 3146 888 3241 paradoxa
899 3144 1026 3258 tradidi,
1052 3170 1119 3242 quae
1136 3169 1218 3214 nunc
1233 3145 1283 3214 ille
1296 3141 1459 3258 sub-praelo
1471 3144 1572 3221 habet.
1609 3149 1748 3222 Bebellio

442 3239 1750 3438 {wll{alfwldzallllllilllssllffifllll,ill}

445 3451 570 3531 propter
588 3425 678 3504 hosce
693 3430 848 3504 hereticos
861 3434 974 3505 Basdea
989 3490 999 3521 ,
1025 3430 1184 3504 transferre
1199 3462 1250 3505 me
1262 3461 1399 3508 amorem
1414 3437 1451 3507 ad
1466 3438 1644 3536 Gryphium
1656 3466 1750 3552 opor-

440 3531 520 3614 mit,
544 3528 605 3600 srve
619 3531 706 3628 quod
713 3532 889 3601 Germanus
896 3533 942 3600 vir
953 3530 1077 3602 summae
1093 3529 1165 3600 fidei
1179 3529 1240 3616 est,
1263 3529 1324 3601 sive
1337 3535 1410 3629 quia
1423 3528 1672 3606 inrerexcussores
1681 3534 1752 3606 istos

435 3624 496 3694 laic
509 3625 677 3721 plurimum
690 3626 859 3698 studionrm
872 3648 970 3715 tenet,
995 3633 1028 3696 bc
1043 3627 1128 3724 quod
1141 3654 1208 3697 mea
1220 3625 1312 3698 refert
1322 3630 1458 3699 oculatus
1470 3629 1523 3700 est.
1572 3631 1668 3725 Qrod
1681 3628 1753 3716 scri-

445 3718 493 3789 bis
504 3741 539 3789 ut
553 3724 666 3820 aliquas
676 3724 714 3794 ad
725 3745 755 3793 te
770 3728 803 3793 in
809 3727 944 3796 Plinium
957 3726 1169 3794 annotationes
1182 3726 1321 3811 mittam,
1336 3750 1400 3794 non
1407 3725 1520 3798 decre&
1526 3727 1662 3813 rbo‚hac
1670 3731 1750 3827 lege,

370 3889 375 3898 ,
447 3842 511 3912 qua
533 3822 705 3889 Vincentio
728 3818 802 3915 ipsa,
826 3819 885 3890 hoc
908 3817 952 3890 est
977 3819 998 3890 st
1022 3822 1157 3916 petieris,
1181 3846 1246 3918 quo
1266 3819 1455 3917 potiffimum
1480 3827 1513 3893 in
1536 3827 1607 3895 loco
1628 3824 1755 3895 dubites.

447 3911 603 4008 Alioquin
618 3917 674 4008 qui
688 3941 748 4011 ego
761 3915 895 3986 divinam
907 3914 1043 4012 pollion,
1066 3915 1121 3985 ubi
1134 3915 1260 3986 haereas?
1274 3915 1389 3986 tametsi
1403 3926 1436 3987 δι
1450 3920 1496 3994 lue
1508 3923 1599 3991 literae
1612 3918 1754 3991 satislon-

450 4031 496 4103 gae
510 4007 926 4178 nugarmnqltlrepleqaesqnlbgp]
938 4037 995 4083 nec
1006 4011 1364 4175 anqomtionibnslocum
1353 4017 1755 4184 giliumffimffiliicbiiec
1854 4092 1859 4099 ,

705 4130 737 4172 rs.
806 4130 838 4174 cr
1009 4135 1022 4176 1
1065 4134 1084 4176 u

341 4261 349 4278 ,
471 4200 575 4294 roprio
589 4196 808 4296 chirographo,
834 4131 1076 4298 quodidiilsrbe
1085 4131 1328 4289 sbleiroesisdrbri'
1342 4227 1375 4274 ut
1394 4139 1546 4303 dliilodiidss
1552 4238 1569 4281 a
1592 4140 1754 4282 mlanuffi,

449 4225 540 4365 bearn
554 4295 694 4366 Marcum
704 4301 883 4368 Antonium
905 4299 1050 4395 Capuum
1069 4327 1087 4370 e
1108 4299 1309 4384 nostratibus,
1340 4309 1373 4371 δι
1396 4308 1569 4378 Bormaeum
1588 4305 1754 4400 Plarysrum.

424 4485 427 4498 .
452 4390 608 4463 Verumsr
623 4394 698 4492 quid
707 4394 900 4488 emendatius
915 4395 976 4467 dici
989 4400 1107 4494 pontit,
1133 4397 1200 4466 noli
1212 4395 1312 4492 quaeso
1326 4399 1467 4488 irridere,
1492 4401 1543 4475 sed
1554 4403 1631 4476 boni
1644 4401 1755 4474 conso-

1716 4501 1758 4588 le,
