4067 5425
447 326 514 398 »80
659 321 943 397 Cannis.
992 345 1066 393 ιιτ
1111 319 1538 399 Ποοτιιιιιι.

439 457 500 529 tibi
511 481 686 530 revocarem
700 458 732 526 in
746 456 910 538 animum,
941 452 1048 547 inqua
1061 449 1206 547 equidem
1225 449 1284 522 nisi
1303 476 1343 522 eo
1361 448 1453 523 effem
1471 449 1649 525 excudendo
1671 476 1749 552 pro-

440 554 576 651 gressus,
608 576 643 624 ut
658 557 732 623 citra
745 574 888 646 magnam
899 550 1043 637 jueninus
1057 544 1205 617 retrabere
1220 573 1345 618 marium
1358 572 1425 618 non
1434 550 1546 635 liceat,
1576 551 1666 622 citius
1679 576 1750 622 eam

441 651 480 723 ad
495 678 552 729 vos
562 653 764 732 remitterem,
788 671 881 743 quam
892 664 929 713 ut
940 643 979 716 de
989 638 1170 716 absolvenda
1183 656 1225 713 ea'
1233 646 1307 715 citra
1318 640 1493 740 cuiusquam
1505 642 1669 718 subsidirnn
1681 671 1749 719 cer.

293 785 298 795 ·
441 747 636 819 toinstituere
648 748 813 855 quicquam
825 738 946 838 poffiln.
979 739 1113 811 Proinde
1126 748 1160 811 δι
1174 765 1241 811 erm
1253 766 1319 812 rem
1338 738 1442 810 nostro
1469 744 1622 828 nomine,
1651 746 1692 813 ita
1714 763 1750 813 ut

442 837 527 941 spem
538 854 600 934 jam
613 867 680 912 nou
693 863 836 936 exiguam
848 834 964 923 fecisti,
988 836 1126 907 curabis:
1150 841 1184 904 δι
1198 864 1256 908 nos
1271 890 1281 922 ,
1305 858 1340 906 ut
1352 833 1517 921 habimus„
1548 862 1752 946 unare'atque

446 964 553 1105 qlrplqrs
563 962 696 1104 pm
703 1085 714 1119 ’
727 934 1006 1127 3115&qu
1015 934 1265 1030 Majoragiomeo
1273 930 1749 1007 nominesalutemofficioinstmr

774 1153 1157 1225 euisronn
1205 1147 1418 1220 xcr1u
1673 1226 1678 1236 ,

445 1281 983 1377 FRANcls'co
1067 1280 1529 1377 CICERINO.
1610 1277 1651 1368 S.
1688 1277 1749 1369 D.

487 1529 678 1594 uerutum.
869 1554 875 1565 ·
972 1430 1034 1533 ’ἴθ’
1057 1438 1217 1541 Opmm
1269 1508 1271 1513 ’

543 1608 633 1702 Uper
644 1630 715 1677 cum
731 1628 878 1703 nepotem
892 1628 997 1676 narum
1017 1608 1051 1676 in
1066 1605 1358 1691 Itaiinnmitterem‚
1384 1610 1475 1676 Petro
1488 1601 1755 1697 Pemaebibliopo·

541 1705 576 1773 Le
588 1703 665 1772 Italo
681 1701 854 1791 ιᾶζιυιὰιιιιι
868 1704 1035 1783 comitem,
1058 1699 1200 1798 respondi
1213 1702 1253 1773 ad
1263 1704 1360 1773 literas
1370 1722 1450 1787 tuas,
1476 1726 1591 1801 perque
1598 1700 1712 1771 eumad
1724 1718 1757 1765 te

447 1799 537 1887 misi,
558 1821 594 1869 ut
608 1798 682 1897 quid
694 1800 731 1869 de
746 1800 960 1894 D.Majoragii
970 1797 1134 1895 paraphrasi
1155 1801 1189 1868 in
1207 1796 1300 1868 libros
1325 1821 1424 1869 1111..
1446 1798 1485 1869 de
1505 1798 1602 1869 Coelo
1615 1803 1650 1867 dc
1671 1797 1752 1877 aliis,

449 1899 488 1979 de
502 1893 617 1997 quibus
628 1891 797 1991 scripseras,
820 1892 1030 1980 instituissem,
1047 1898 1184 2059 pqoxim
1197 1892 1355 1964 occasione
1376 1892 1587 1991 significarem.
1637 1901 1754 1963 Interea

446 1996 516 2064 alias
527 2019 547 2063 a
557 2012 587 2061 te
603 1992 701 2060 literas
714 1993 854 2086 accipio,
880 1991 949 2060 Kal.
964 1992 1051 2062 Οᾶο
1089 1988 1267 2086 isscriptas,
1291 1990 1405 2087 quibus
1415 1990 1498 2062 idem
1512 1989 1561 2060 scd
1572 1990 1694 2061 breuius
1705 2014 1754 2058 re*

448 2085 662 2187 spondendum
673 2085 747 2156 duxi
764 2084 989 2184 inpraesentia:
1021 2112 1124 2183 neque
1136 2088 1221 2157 ahter
1233 2089 1305 2155 licet
1317 2089 1449 2157 maxime
1468 2086 1506 2158 ad
1519 2083 1650 2174 ejusdem
1665 2107 1756 2181 argu·

448 2188 548 2257 menti
559 2189 592 2253 δι
606 2183 719 2251 tenoris
729 2184 843 2268 literas,
866 2183 980 2281 quibus
992 2186 1107 2279 priores
1121 2204 1205 2252 eraut
1216 2182 1345 2277 scripte:
1369 2181 1425 2253 nisi
1439 2182 1527 2280 quod
1539 2182 1576 2253 ad
1592 2180 1688 2252 finem
1701 2180 1755 2251 ad-

445 2283 527 2373 jicis,
554 2303 621 2349 non
633 2272 866 2374 exspesimdum
879 2278 956 2349 mibi
969 2282 1014 2348 est
1028 2332 1038 2364 ,
1061 2301 1097 2350 ut
1107 2281 1199 2348 tertio
1212 2277 1318 2348 eadem
1330 2276 1368 2347 de
1382 2276 1555 2364 rescribas,
1586 2276 1638 2348 sed
1650 2279 1756 2373 potius

449 2379 540 2490 omri
554 2399 641 2485 mora
653 2371 788 2486 deposita
799 2373 1062 2489 respondendnm
1085 2373 1231 2470 nunpcst
1247 2371 1326 2486 sorte
1340 2376 1474 2487 aliisjam
1487 2377 1597 2472 coeptis
1609 2372 1754 2469 operibus

447 2466 1757 2673 nmrurumtrssmuuasemetsemet
1827 2494 1844 2529 ·

365 2694 368 2701 ·
447 2691 495 2738 res
509 2660 663 2763 utriusque
675 2665 766 2761 partis
780 2663 892 2737 chartas
905 2667 1073 2762 expressasv
1118 2668 1142 2736 is
1157 2667 1384 2763 quamprimum
1391 2664 1540 2736 dinatum.
1570 2663 1608 2734 ld
1623 2688 1696 2734 vero
1704 2687 1755 2732 me

448 2760 602 2850 [adiutum
614 2763 717 2857 primo
726 2787 852 2860 quoque
865 2784 1022 2858 tempore,
1037 2765 1167 2859 acceptis
1179 2759 1280 2848 libris,
1304 2763 1466 2857 polliceor,
1490 2765 1754 2857 utintempore&

449 2862 531 2932 tiuali
546 2866 580 2929 δι
593 2853 807 2955 prefationes,
837 2857 860 2928 si
877 2859 978 2927 mirus
992 2879 1095 2927 toturn
1108 2880 1274 2952 utrumque
1286 2882 1365 2953 opus
1377 2860 1466 2928 liceat
1480 2911 1490 2943 ,
1520 2860 1553 2927 in
1566 2861 1667 2928 lucem
1681 2879 1755 2951 pro-

448 2956 558 3040 deant,
581 2960 614 3023 &
630 2952 830 3038 cumvestrae,
845 2975 912 3022 mm
926 2951 1156 3049 Arcbiepiscopi
1169 2950 1274 3034 vestri,
1299 2956 1350 3022 cui
1365 2951 1497 3024 dicatum
1510 2951 1647 3024 inscribis
1661 2976 1757 3047 opus,

450 3050 513 3123 five
527 3054 655 3136 aliorum
670 3045 731 3117 sive
742 3051 863 3144 utrique
869 3051 1072 3145 expeditioni
1085 3047 1211 3119 satisfiat.
1254 3049 1386 3145 Reliqua
1399 3046 1493 3120 fusius
1506 3056 1540 3120 in
1553 3051 1652 3120 alteris
1664 3049 1756 3117 literis

449 3174 504 3246 per
514 3164 660 3239 nepotem
674 3141 782 3227 missu,
807 3168 880 3240 quas
893 3166 924 3215 te
935 3151 997 3235 jam
1008 3145 1128 3242 pridem
1144 3141 1287 3239 accepisse
1298 3139 1392 3240 spero.
1424 3145 1504 3216 Non
1518 3148 1605 3217 licuit
1612 3145 1756 3214 atitemin

450 3239 603 3341 prasentia
614 3240 708 3334 plura.
747 3240 950 3313 Commendo
961 3247 1063 3338 itaque
1077 3241 1181 3312 tibi&
1190 3266 1240 3311 me
1249 3247 1358 3310 &mea
1369 3244 1493 3327 omnia,
1517 3240 1555 3311 de
1569 3240 1680 3338 quibus
1687 3241 1757 3309 alies

448 3349 510 3432 jam
521 3334 622 3504 szp)ea
643 3337 738 3501 ἕως
752 3337 817 3404 vale
828 3343 862 3406 br
873 3337 923 3406 D..
937 3340 1144 3435 Majoragium
1156 3332 1293 3408 officiose
1307 3362 1381 3408 meo
1393 3341 1520 3409 uomina
1530 3335 1628 3409 saluta.
1674 3334 1758 3406 Bisi-

449 3438 514 3523 ια,
525 3459 555 3532 a·
622 3456 643 3501 0
679 3431 809 3526 'euu-

806 3551 1189 3625 EPISTOLA
1236 3553 1431 3623 XCIV.

452 3672 986 3771 FRANCISCO
1069 3678 1536 3771 CICERINO.
1619 3680 1658 3773 S.
1696 3679 1754 3772 D.

491 3923 685 3990 mmm·
989 3833 1047 3934 Jo.
1072 3831 1230 3932 Oporrnus.

448 4000 564 4167 PEr
573 3997 656 4069 hunc
671 4007 815 4090 juvenem
829 4056 840 4089 ,
872 4024 1019 4103 nepotem
1034 4030 1140 4075 meum
1155 4058 1166 4091 ,
1192 4006 1418 4103 Patavium'per
1430 4031 1487 4078 vos
1505 4011 1689 4096 camenam,
1711 4004 1759 4079 sa-

519 4119 587 4165 rcre
601 4120 667 4165 non
680 4100 786 4193 potui,
810 4102 887 4196 quin
899 4102 938 4172 ad
949 4122 979 4170 te
992 4098 1170 4182 scriberem,
1193 4097 1363 4172 doetiffime
1377 4104 1539 4177 Cicerine:
1564 4105 1711 4204 srmtdque
1724 4114 1759 4178 dc

451 4189 551 4287 ipsum
569 4188 629 4303 tibi
640 4217 713 4263 meo
725 4199 855 4266 nomme
866 4196 1130 4280 commendarem,
1154 4202 1187 4265 δι
1201 4195 1238 4265 ad
1249 4217 1313 4266 tuas
1325 4198 1423 4269 literas
1436 4224 1486 4270 10.
1496 4203 1564 4271 Kal.
1575 4200 1758 4299 Septembris

453 4285 489 4357 ed
503 4313 561 4358 noc
574 4284 718 4386 scriptas,
748 4285 798 4361 sed
810 4289 910 4382 idibus
928 4293 1055 4366 demum
1066 4289 1215 4362 Osiobris
1229 4291 1320 4363 nobis
1332 4294 1483 4381 redditas,
1514 4296 1616 4368 saltem
1630 4297 1759 4370 breviter

449 4381 670 4482 responderem
721 4387 866 4460 Primum
875 4390 978 4489 itaque
989 4391 1130 4485 inguites
1142 4386 1199 4459 tibi
1219 4392 1328 4486 gratias
1340 4415 1425 4490 ago,
1454 4418 1513 4489 pro
1536 4392 1677 4493 smgtdari
1688 4420 1759 4492 erga

1552 4531 1554 4536 <
1601 4513 1603 4516 ·
1710 4517 1761 4564 me
