4067 5425
616 332 1194 409 EPISTOLAE.
1423 359 1574 431 *¹59

248 453 315 542 est)
337 477 404 525 non
416 448 554 550 qualite,
577 475 635 523 nee
647 446 761 538 fitero,
779 441 958 522 'amicornm
972 475 1114 523 meorum
1129 454 1175 521 uti
1185 459 1219 523 δι
1233 454 1423 526 traditorum
1434 447 1564 538 summi,

247 544 1184 647 NobilillirniSalmasriine'prsgratirrncommeoahtio,cuiali
1205 545 1574 623 uidteeulareneedebeo.

248 672 309 722 nec
321 645 415 717 soleo.
440 646 555 717 Utamr
566 648 669 745 itaque
681 654 714 718 δι
729 642 845 718 forato
854 665 998 730 nmtoto,
1010 575 1441 741 quemeidedoliborn’ssime.
1464 645 1567 716 Utere

249 745 350 817 trane
365 763 400 814 to
411 766 554 841 quoque,
578 748 641 813 Vir
653 745 808 830 Maxime,
819 766 928 844 'quon
938 741 1058 853 lmrpet
1069 743 1230 838 experieris
1245 746 1293 814 tui
1305 738 1567 843 studiosissimum,

250 842 462 938 minoremque
476 837 780 912 olietvaotiffimum.
805 840 933 909 Lutetiae
948 835 1131 910 Parrfiorum
1141 861 1195 909 vr.
1209 837 1279 937 lara
1291 865 1353 914 ει)
1368 863 1417 912 lae
1430 861 1520 912 xuvt.

340 1062 471 1160 CL.
576 1065 1470 1162 SARRAVIUS

738 1194 869 1267 Clodio
889 1196 1046 1291 Salmfio
1323 1239 1327 1250 .

290 1292 446 1365 Lugdunum
465 1296 640 1356 amavorum.

251 1370 430 1532 BReves
447 1366 520 1437 lieet
538 1372 572 1435 dc
596 1366 723 1436 Gallica
743 1364 902 1463 postrema
922 1387 997 1455 tuae,
1021 1392 1088 1438 non
1109 1387 1212 1440 tamen
1234 1394 1300 1441 non
1314 1369 1484 1468 gratillimae
1498 1370 1569 1444 fue-

330 1490 372 1534 re.
421 1461 561 1557 Qidni,
583 1488 655 1535 cum
666 1489 937 1562 metumergame,
962 1461 1284 1553 tumafflietiffunum,
1307 1467 1567 1541 amoremcalidis·

253 1555 1565 1660 srmumspitarent?Itasoleoegoquoque,MiSalmas1,tuisl'tvebonissivemalisnon
1666 1599 1670 1606 ·

249 1659 358 1728 leviter
371 1655 461 1728 affici.
505 1655 540 1725 0
564 1659 683 1728 utinam
694 1659 815 1754 pollent
827 1659 1000 1729 animimei
1013 1660 1177 1755 penetralia
1189 1656 1249 1731 tibi
1258 1657 1420 1731 denudari!
1445 1668 1483 1732 In
1504 1663 1565 1732 illis

250 1773 348 1837 certe,
373 1760 406 1823 dc
428 1755 563 1824 nominis
576 1756 624 1823 eui
636 1756 786 1851 gloriam,
810 1760 843 1824 dt
855 1753 899 1824 ob
912 1780 1050 1826 amorem
1062 1780 1128 1853 quo
1143 1782 1195 1826 me
1208 1751 1415 1855 prosequeris,
1439 1783 1505 1828 non
1518 1760 1568 1828 le-

250 1874 322 1920 vem
338 1851 471 1921 laetitiam
485 1847 632 1920 altiliimis
646 1848 773 1922 difixam
788 1849 956 1940 radicibus,
979 1851 1105 1924 videres.
1152 1854 1185 1922 Si
1199 1854 1308 1949 quatis
1323 1878 1416 1950 quam
1423 1851 1503 1924 belle
1508 1861 1568 1946 jam

250 1944 390 2018 habeam.
438 1946 639 2043 Respondent
652 1946 787 2034 Medici,
811 1974 863 2020 me
875 1950 909 2022 in
922 1948 998 2019 statu
1014 1967 1143 2034 neutr03
1167 1943 1314 2048 spemque
1328 1953 1569 2048 metumque-in·

252 2064 299 2115 ter
321 2042 476 2130 dubium,
500 2065 634 2114 extrema
652 2098 664 2132 ,
687 2070 753 2116 non
767 2047 854 2134 vita,
875 2043 927 2117 sed
941 2044 1057 2117 doloris
1072 2046 1273 2117 incommoda
1287 2045 1444 2143 quotidie,
1469 2051 1570 2118 immo

251 2138 376 2238 singulis
399 2140 483 2212 lroris
501 2143 550 2211 vel
562 2144 655 2213 etiam
671 2144 858 2227 momentis,
878 2166 944 2211 non
956 2160 1070 2216 temere
1085 2139 1312 2214 formidantem.
1364 2143 1522 2214 Catonem
1534 2146 1569 2214 in

252 2235 392 2309 bonitate
404 2240 540 2309 Domini
555 2237 700 2325 confido,
749 2241 781 2309 ni
794 2236 873 2308 nihil
883 2237 921 2310 de
933 2265 986 2310 me
1000 2236 1124 2327 statuet,
1149 2238 1238 2340 quod
1250 2234 1369 2309 servulo
1384 2237 1570 2310 suononex·

249 2334 359 2432 pediat.
384 2337 485 2406 Miror
499 2336 610 2405 litteras
627 2339 702 2434 quas
714 2266 752 2406 dd
763 2334 980 2407 Reverendum
993 2335 1213 2432 Spanhemium
1227 2332 1571 2434 Eucharisticasscripse-

250 2456 332 2519 ram,
357 2429 553 2529 serinsqnam
569 2434 724 2528 oportuit,
749 2431 872 2510 adeum
888 2430 1065 2528 pervenisse.
1114 2434 1265 2503 Easenim
1275 2429 1569 2531 statimpostlibtnm

250 2524 411 2625 acceptum
432 2528 469 2600 ad
487 2530 719 2623 Heylmannum
735 2526 894 2600 Medicum
910 2525 1068 2616 miseram,
1094 2532 1149 2626 qui
1164 2551 1316 2624 receperat
1327 2525 1357 2599 se
1370 2555 1419 2598 eas
1431 2528 1495 2601 sane
1509 2530 1570 2600 ulla

256 2649 343 2694 mora
353 2644 534 2694 curaturum.
583 2629 721 2723 Ingratus
756 2621 989 2711 ratereaelletn,
1013 2622 1320 2714 nistejushumanitati
1334 2631 1367 2694 δι
1381 2626 1572 2697 benevolen-

252 2724 302 2793 tiae
317 2724 447 2792 multum
463 2746 514 2791 me
528 2720 638 2793 debere
651 2651 863 2818 agnoscerem,
888 2724 936 2793 vel
949 2717 1087 2818 profiteri
1100 2718 1283 2818 refugerem.
1332 2723 1422 2793 Cum
1434 2725 1518 2793 enim
1525 2726 1572 2794 vit

252 2817 356 2889 bonus
378 2816 555 2890 Ludovicos
570 2820 752 2915 Coppellus,
777 2822 811 2890 in
831 2817 881 2899 su'a
894 2816 1101 2903 dedicatione,
1122 2815 1189 2888 latis
1202 2816 1342 2891 familiari
1357 2820 1447 2893 titulo
1460 2825 1498 2911 &¹
1509 2818 1572 2889 ier·
1639 2828 1643 2835 '

253 2940 350 2987 mone
366 2941 417 2985 me
429 2912 558 2984 ornasset
573 2921 607 2986 dc
621 2914 839 3013 compellasset,
849 2917 905 2987 'ita
918 2937 1084 3012 aurumque
1098 2909 1275 2984 reformavit
1298 2915 1405 3015 (quod
1415 2937 1571 2986 meatten-

252 3034 317 3084 tare
329 3012 429 3110 pudor
441 3010 543 3081 neseio
557 3038 595 3083 an
607 3014 755 3085 modestia
769 3008 993 3112 prohibuerat),
1010 3032 1046 3081 ut
1058 3009 1281 3109 snaedignitatis
1287 3012 1572 3098 mcaedetrimenm,

252 3115 313 3200 jam
329 3135 446 3180 nomen
459 3135 564 3181 meum
579 3110 625 3183 ibi
640 3112 764 3209 legatur.
815 3112 901 3206 Quia
915 3109 1141 3194 auteminillis,
1166 3135 1269 3207 quasa
1283 3104 1466 3195 meltabuit,
1489 3105 1572 3178 sero·

253 3208 326 3277 tinis
345 3208 466 3292 litteris,
490 3203 574 3294 hac,
621 3233 666 3281 uae
686 3214 747 3298 jam
766 3205 884 3292 scribo,
907 3204 1011 3279 nescio
1028 3204 1190 3304 quomodo
1205 3227 1310 3275 notare
1324 3203 1431 3294 omisi,
1454 3201 1573 3278 seiater

252 3324 285 3373 te
298 3304 415 3400 qualo,
439 3302 500 3374 hoc
516 3234 805 3377 luumimeficium
818 3327 920 3401 neque
936 3300 1124 3383 ininstium,
1140 3326 1241 3400 neque
1251 3299 1573 3395 inimmemoremelse

256 3402 449 3471 collocatum.
498 3403 591 3473 Tum
607 3404 708 3473 virum
724 3425 871 3499 magnum
887 3424 954 3471 non
966 3395 1286 3496 amarenonpollum,
1300 3395 1573 3565 quiteserioamat.

256 3497 297 3567 Ei
314 3499 346 3566 ni
362 3523 453 3595 grave
467 3496 510 3567 eil
527 3525 544 3567 a
561 3524 612 3569 me
625 3499 788 3594 plurimam
800 3497 934 3569 salutem.
982 3495 1064 3567 Tibi
1071 3521 1217 3593 quoque,
1241 3499 1304 3566 Vir
1323 3521 1445 3583 omme,
1470 3496 1574 3583 omni-

257 3616 427 3759 noparem.
474 3598 545 3665 Scio
562 3591 781 3667 nobiliffimam
795 3618 921 3667 uxorem
933 3611 1017 3665 tuam
1031 3592 1127 3663 dioin
1137 3589 1399 3678 Morinishafisle,
1422 3588 1571 3661 anin'Ze-

254 3690 304 3759 lan
328 3715 389 3759 ram
410 3690 574 3775 manserit,
598 3688 711 3763 nescio.
760 3690 880 3763 Omnia
891 3692 939 3776 ei,
962 3686 1101 3786 tibique,
1125 3684 1218 3763 fallit
1232 3712 1348 3785 precor.
1372 3690 1495 3762 Vale&
1508 3710 1572 3777 me,

257 3805 294 3857 ot
305 3786 394 3873 facis,
405 3812 504 3858 amare
517 3814 619 3888 perge.
642 3790 771 3861 Lutetia
778 3785 915 3857 Parisior.
927 3810 990 3861 arx.
1001 3785 1093 3884 Janu.
1108 3808 1167 3856 cta
1186 3808 1241 3856 roc
1255 3808 1355 3861 aunt.
1565 3796 1569 3806 “

526 3948 529 3953 >
627 3900 1019 3989 EarsToL'A
1069 3911 1209 3983 cuvt.

350 4021 482 4118 CL.
586 4011 1478 4116 SARRAVIUS

771 4147 1069 4245 eraaaasamafia.

298 4249 456 4319 Lugdunum
469 4253 642 4304 Batavorum.

264 4335 338 4488 V
352 4330 382 4394 Is
394 4348 469 4422 ergo
483 4350 534 4394 me
547 4344 646 4394 exerte
659 4322 776 4412 dicere,
801 4322 878 4422 quid
891 4320 1071 4393 sententiam
1084 4318 1122 4390 de
1132 4317 1286 4417 postremo
1297 4320 1407 4390 Grotii
1418 4315 1530 4404 libro,
1540 4323 1576 4392 δι

352 4446 392 4493 an
414 4421 521 4494 onmia
538 4418 618 4492 mihi
637 4423 671 4494 in
692 4445 732 4493 eo
743 4419 920 4518 probentur.
968 4420 1053 4491 Rem
1067 4442 1154 4515 togas
1167 4443 1233 4489 non
1244 4440 1404 4513 magnam,
1426 4438 1483 4485 nee
1495 4414 1578 4582 3ῗὲ
