4067 5425
475 317 523 399 ⁶4
699 296 882 367 'CL
952 288 1533 365 tinnivit

565 420 572 435 '
657 411 790 484 habuere
811 413 895 484 deos
942 412 1031 481 Talis
1046 409 1098 479 hic
1120 404 1794 504 VOL1ANUSapdVimmPoroen4

546 568 558 602 ‚
581 510 638 587 ubi
659 511 841 583 Nannetum
863 530 947 578 nnnc
970 504 1015 577 cst
1037 507 1152 576 civitas.
1176 507 1294 576 Totim
1315 503 1588 601 Gailiaepeculiare
1602 502 1791 578 mmuenfuit

475 614 615 682 Belrnun
662 608 860 678 Noriaeeum
873 604 981 674 tribuit
992 602 1418 674 Tertuliiznmeodcmioco.
1444 596 1792 698 Insoipdouteroe-

474 711 501 778 ri
520 712 616 805 plena
632 700 702 774 sumt
721 698 893 790 hujusmodi
911 703 1058 771 Deorum
1078 699 1311 796 municipalium
1330 701 1378 769 vd
1393 699 1562 781 localium,
1592 722 1671 795 quot
1683 699 1789 771 Greci

474 802 607 876 ὸππίνς
629 806 696 888 Scir
719 798 838 869 dixere:
864 799 1061 868 Marcelline
1083 798 1211 868 locales:
1235 813 1270 865 ut
1283 798 1367 866 Betae
1384 800 1449 865 Dei
1464 797 1603 865 localiter
1614 796 1784 891 appellatio

473 903 540 970 Hic
555 897 771 968 Detnlocaiit.
818 900 844 964 P
886 889 1082 965 'etiatnsms
1099 890 1249 975 inbuere,
1272 891 1497 963 inderdent
1545 897 1783 995 Numinapagi·

474 992 655 1092 Superstitio
669 993 777 1063 uitium
790 918 899 1062 resedi
911 993 945 1060 in
957 988 1126 1157 him,
1148 988 1206 1058 ubi
1217 991 1369 1060 tenaciore
1380 990 1464 1059 cultu
1479 985 1583 1058 rustici
1595 984 1645 1059 sua
1658 993 1786 1061 numina

472 1090 655 1176 adorabant,
677 1115 771 1187 qnam
785 1091 865 1159 cives
877 1085 928 1157 sua
941 1088 975 1156 in
1048 1089 1055 1102 '
1116 1139 1123 1154 .
1169 1087 1264 1156 Certe
1277 1090 1395 1187 Religio
1400 1110 1528 1188 pagana
1541 1082 1764 1197 indeapffl
1770 1140 1783 1174 ,

470 1188 611 1398 sridiieiii
620 1182 823 1354 Pgriitiibtsu
830 1204 1043 1395 ,cripitieiiuiisti
1056 1179 1784 1471 ἷζῃέωυῐξοςὲῑᾜωῄἴωᾞέἀῇξ

471 1375 1631 1575 un
1655 1395 1782 1569 m

473 1580 675 1645 nominantur
695 1570 745 1645 sed
760 1574 979 1670 intelliguntur.
1026 1571 1068 1640 Et
1080 1593 1203 1667 apparet
1213 1572 1291 1643 duos
1303 1567 1461 1668 Augustos
1474 1571 1584 1640 Romae
1598 1590 1665 1638 tum
1679 1572 1780 1664 irnpe-

391 1714 395 1723 ·
473 1666 821 1757 msie‚cu1nillalnscri
859 1674 865 1687 '
959 1666 1068 1740 tuest.
1104 1665 1294 1738 Nonsoium
1318 1667 1578 1737 NUMINIB.
1600 1664 1782 1738 AUGU-

474 1769 628 1839 STOR.
652 1766 786 1838 dedicata
798 1690 933 1839 esnosed
946 1769 1038 1837 etiam
1060 1766 1174 1835 DEO
1198 1764 1453 1835 VOLIANO
1479 1764 1641 1856 ἐγχωρίῳ
1662 1762 1702 1832 de
1716 1790 1781 1861 quo

471 1891 538 1935 non
562 1867 658 1961 magis
678 1858 1001 1959 tibidioerepossum,
1024 1861 1106 1933 mide
1121 1886 1239 1932 nomen
1252 1860 1403 1932 maiust
1416 1886 1510 1958 quam
1532 1858 1780 1930 COSOSUS

471 1968 555 2053 cuins
569 1963 688 2031 mentio
704 1959 767 2030 sola
781 1961 815 2030 in
830 1962 886 2030 alia
899 1954 1120 2057 inscriptione,
1134 1984 1230 2056 quam
1240 1956 1349 2028 iubeo.
1396 1960 1478 2050 Qis
1490 1983 1625 2055 unquam
1639 1960 1783 2027 meminit

471 2057 807 2141 ARELLIONIS
830 2058 914 2144 Dei,
938 2064 1022 2146 cujus
1033 2060 1066 2127 in
1083 2052 1144 2124 sola
1157 2053 1352 2151 inscriptione
1366 2056 1514 2124 memoria
1525 2053 1781 2150 apudComienm

428 2155 432 2169 ’
471 2155 771 2251 Novempopulaniae
782 2156 816 2225 in
829 2174 920 2224 tomo
933 2150 1068 2250 inscript.
1091 2153 1239 2222 Gmteri?
1262 2155 1340 2221 Sunt
1349 2153 1405 2221 alia
1415 2148 1552 2222 sexcenta
1562 2152 1738 2220 vicanontm
1746 2158 1780 2220 δι

470 2253 705 2347 municipalium
727 2252 856 2321 numina
877 2253 1015 2347 propria,
1040 2276 1175 2347 quorum
1188 2251 1315 2318 nomina
1327 2246 1399 2317 alibi
1414 2274 1480 2318 non
1494 2251 1651 2345 leguntur,
1674 2247 1731 2317 uisi
1745 2250 1780 2317 in

472 2350 532 2419 illis
544 2351 647 2444 pagis,
671 2349 865 2444 municipiis,
889 2342 1098 2442 coloniisque,
1112 2350 1146 2416 in
1160 2344 1272 2442 quibus
1280 2347 1422 2441 peculiari
1429 2343 1653 2415 consecratione
1660 2345 1722 2413 loci
1728 2343 1781 2415 dc-

471 2442 569 2515 dicata
590 2442 684 2516 fuere.
732 2445 793 2516 Sed
806 2445 954 2541 quoniam
971 2445 1108 2514 Ronnni
1120 2440 1190 2512 sunt
1204 2441 1346 2513 hommes
1352 2496 1363 2529 ,
1376 2445 1431 2541 qui
1447 2437 1679 2538 inscriptionem
1694 2442 1777 2510 iiiam

470 2536 702 2613 Nannetensem
725 2540 907 2639 posuerunt,
930 2548 963 2611 δι
988 2542 1086 2612 Vicus
1108 2538 1188 2636 ipse,
1211 2540 1261 2610 vel
1274 2540 1457 2636 Oppidum,
1482 2540 1605 2608 coionia
1619 2538 1779 2624 Romana,

471 2636 627 2710 videamus
648 2647 790 2729 (mutata
824 2634 1554 2727 riorcsententia)anexisloVOL1ANO
1579 2638 1687 2704 Deum
1707 2634 1777 2704 Ro-

468 2760 597 2805 manum
619 2734 765 2832 poffimus
799 2734 953 2806 abricare?
977 2733 1120 2824 Ejusdem
1142 2733 1222 2803 certi
1244 2738 1363 2829 generis
1382 2736 1458 2819 erit,
1484 2739 1569 2822 cujus
1581 2728 1697 2801 infiniti
1709 2734 1776 2818 aiii,

467 2856 551 2996 Heron
571 2830 731 2901 celebravit
749 2827 941 2925 Augustinus
953 2833 987 2900 in
1000 2831 1084 2900 libris
1098 2828 1136 2899 de
1154 2831 1291 2900 Ciuitate
1311 2833 1396 2918 Dei,
1420 2829 1458 2900 ab
1471 2829 1575 2926 aliquo
1589 2829 1658 2898 actu
1671 2825 1778 2898 autof·

351 2977 362 2986 -
493 2930 545 2996 cio
559 2926 694 2996 humano
709 2927 929 2997 denominatos.
979 2932 1026 2995 Ita
1047 2926 1339 2997 VOLIANUS
1359 2927 1434 3025 quid
1447 2924 1779 3036 prohibetavoiipap·

468 3024 614 3119 pellatum
636 3023 669 3093 id
682 3021 724 3093 est
737 3026 912 3095 voluntatet
937 3021 1024 3190 puod
1037 3024 1189 3093 voluntati
1205 3021 1370 3094 hominum
1378 3023 1491 3120 pinsit,
1514 3046 1644 3121 eamque
1650 3020 1777 3117 dinvmt,

310 3131 325 3156 ‘
468 3126 505 3188 dc
527 3118 564 3188 ad
587 3142 727 3215 optatum
748 3121 864 3190 exitum
885 3145 938 3215 per
959 3127 1048 3189 ucat?
1073 3123 1124 3190 Sic
1142 3119 1307 3192 Libentina
1329 3128 1361 3191 δι
1384 3120 1535 3190 Liburnus
1553 3116 1717 3188 libidinum
1733 3119 1779 3189 dii

416 3227 420 3234 '
468 3215 548 3311 apud
563 3216 740 3285 Arnobium
754 3214 807 3284 lib.
823 3238 876 3286 tv.
891 3217 953 3288 Sed
964 3219 1327 3317 vilium‚inquien,quis
1338 3216 1414 3286 dixit
1428 3242 1485 3313 pro
1499 3218 1677 3287 voluntate?
1702 3218 1776 3287 Hoc

470 3315 561 3382 etiam
575 3336 687 3409 quaero.
738 3311 798 3382 Sed
812 3315 880 3411 quis
895 3340 911 3382 a
927 3312 1022 3384 verbo
1034 3320 1105 3385 volo
1120 3320 1239 3385 nulium
1253 3340 1310 3411 pro
1322 3318 1480 3384 voluntate
1493 3336 1652 3409 nonnique
1658 3313 1776 3409 optima

468 3410 587 3478 ratione
599 3415 633 3478 ὃ(
647 3410 783 3506 analogia
794 3405 910 3478 factum
927 3408 1138 3496 confitebitur,
1166 3433 1200 3480 ut
1215 3415 1272 3481 asia
1285 3409 1420 3482 sexcenta
1432 3409 1537 3480 eadem
1553 3429 1678 3478 moneta
1690 3405 1777 3479 cufi?

464 3508 502 3573 =A
517 3505 589 3575 colo
601 3510 711 3578 coiium
722 3531 780 3603 pto
792 3502 947 3576 domicilio
963 3513 995 3574 δι
1010 3505 1204 3578 habitatione.
1240 3507 1316 3578 Inde
1330 3513 1424 3577 Lares
1434 3510 1511 3575 colio
1521 3526 1671 3592 potentes,
1694 3509 1777 3576 Ter·

463 3602 612 3673 tulliano:
637 3628 772 3703 quorum
790 3605 929 3698 potentia
947 3604 1025 3672 intra
1037 3627 1159 3698 penates
1173 3611 1205 3673 dt
1217 3602 1420 3674 habitationes
1431 3605 1618 3698 privatorum
1632 3604 1774 3672 cernitur.
1861 3599 1864 3606 ⁴

469 3697 520 3763 Sic
533 3700 717 3793 armipotens
729 3702 829 3783 Mars,
853 3725 887 3770 m
900 3707 997 3771 armis
1005 3720 1127 3802 potens,
1152 3702 1377 3796 Coeiipouentes
1390 3706 1423 3768 in
1437 3703 1508 3767 colo
1519 3720 1663 3800 potentes.
1689 3697 1731 3768 Et
1737 3697 1776 3771 stc

465 3791 532 3860 alia.
582 3797 663 3885 Quis
684 3821 758 3866 vero
779 3792 879 3891 potest
898 3792 1022 3866 infitiari
1037 3794 1215 3891 potestatem
1227 3801 1350 3868 Larium
1366 3799 1443 3865 intra
1456 3794 1586 3865 domum
1597 3791 1685 3865 fuisse
1700 3820 1777 3865 con-
1814 3819 1818 3834 ·

467 3882 597 3957 clusam?
624 3890 711 3958 Hinc
724 3897 831 3961 tantun
845 3896 948 3977 9102&
963 3898 1123 3963 tantumn
1136 3893 1168 3964 id
1183 3892 1225 3962 est
1235 3893 1401 3987 domestici,
1427 3893 1534 3962 vocati
1584 3893 1777 3962 Solinuslci-

467 3982 536 4053 dios
551 4008 568 4051 a
589 3985 711 4079 pellavit
723 3988 833 4057 Graeca
848 4011 933 4058 voce.
982 3991 1033 4058 Sic
1045 3996 1141 4062 Lares
1154 3994 1231 4059 colio
1239 4011 1382 4090 potentes.
1409 3988 1506 4083 Quod
1518 4009 1621 4057 tamen
1633 3982 1696 4059 scio
1711 4014 1778 4059 non

463 4008 610 4176 probadit
631 4079 753 4153 Vossius
775 4082 886 4153 noster.
933 4090 1103 4185 caliginem
1125 4089 1180 4158 alia
1194 4107 1296 4154 tamen
1309 4082 1494 4155 formatione
1508 4082 1587 4153 dixit
1598 4083 1776 4155 Amobiusz

466 4199 527 4271 pro
545 4173 733 4248 habitatione
751 4183 783 4246 δι
797 4178 926 4250 aedibus:
951 4187 984 4252 &
998 4181 1236 4281 coliginisfocos
1248 4183 1403 4276 penatium
1422 4177 1519 4251 focos.
1570 4180 1621 4251 Ut
1636 4184 1777 4251 colim

466 4276 551 4357 colo,
575 4276 691 4346 vodium
713 4301 730 4345 a
749 4278 829 4343 volo.
877 4277 953 4349 Inde
973 4274 1112 4349 nostrum
1128 4280 1289 4372 antiquum
1303 4281 1389 4347 veuil
1401 4303 1458 4372 pro
1472 4276 1604 4346 volonte'.
1655 4279 1779 4348 Videris

311 4419 316 4434 .
466 4374 553 4442 ¹un&
574 4369 912 4476 italictmirespondean
960 4374 1056 4450 Certe
1069 4374 1199 4447 dicimus
1211 4373 1251 4444 de
1264 4371 1358 4445 bonne
1372 4379 1482 4461 voille,
1498 4371 1780 4544 quodsitbotlnvo·

537 4533 548 4548 .
1694 4491 1783 4543 sinn*
