4067 5425
406 301 473 373 160
688 292 1459 377 Carulaaeroc’rtas.

750 493 1132 567 EPISTOLA
1179 491 1363 562 LXXI.

384 602 973 753 *noM1ntco
1054 618 1482 714 naunto.
1566 622 1713 720 tn.

892 779 1013 873 isacus
1039 771 1232 870 cautulus.

446 886 602 957 Lugdunum
615 886 794 937 Batauorum·

487 985 518 1052 C
521 983 599 1078 cepi,
607 1004 675 1078 qun
682 972 787 1047 misisti
796 992 936 1060 ,tuorum
944 970 1593 1070 pulcherrimorumcarminumexetnplat'n5
1606 975 1722 1074 inqui-

408 1001 545 1154 Abus
559 1103 657 1176 quum
669 1099 767 1145 unum
780 1068 858 1141 mihi
870 1064 1049 1167 inscriptum
1063 1071 1251 1154 invenerim,
1275 1095 1349 1167 quas
1362 1071 1421 1143 tibi
1427 1096 1484 1169 pro
1496 1092 1720 1145 tantomunere

410 1198 507 1277 grates
520 1198 624 1271 agam,
648 1196 714 1242 non
730 1168 866 1238 invenio.
916 1166 1005 1260 Quid
1015 1168 1104 1236 enim
1115 1192 1176 1265 ego
1186 1162 1252 1236 sum
1265 1165 1304 1237 de
1320 1189 1350 1238 te
1368 1189 1507 1266 unquam
1513 1168 1658 1261 meritus,
1682 1189 1719 1241 ut

409 1296 472 1345 tam
487 1269 638 1369 exquisito
650 1290 795 1350 munere,
819 1284 881 1333 tam
894 1264 984 1333 omni
997 1289 1037 1333 ex
1049 1286 1132 1358 patre
1144 1264 1243 1363 polito
1258 1288 1308 1333 me
1323 1263 1450 1335 beares?
1474 1288 1531 1335 nec
1545 1285 1575 1334 te
1588 1290 1721 1363 pauper-

412 1391 455 1441 tas
468 1372 531 1439 mei
547 1364 649 1437 census
661 1366 762 1436 movit
777 1413 787 1447 ‚
810 1358 893 1430 unde
906 1358 984 1431 nihil
995 1358 1114 1457 pollirm
1124 1384 1265 1458 promere
1279 1413 1289 1445 ,
1313 1386 1378 1457 quo
1393 1363 1474 1457 paria
1485 1381 1590 1431 tecum
1598 1357 1719 1436 faciam.

412 1466 589 1547 Scisenim‚
604 1455 838 1560 prastandffune
844 1455 958 1540 Bardi,
998 1482 1183 1551 uamparum
1196 1457 1459 1527 amicaenobisillae
1472 1460 1550 1527 Deae
1559 1455 1633 1544 stat,
1648 1483 1724 1556 quar

413 1563 571 1661 apueritia
585 1581 637 1630 tua
651 1551 711 1653 ipse
725 1551 843 1650 semper
857 1556 890 1621 in
904 1483 1053 1649 poteltate
1066 1550 1203 1625 habuisti.
1231 1553 1303 1623 Nos
1320 1572 1441 1623 tantum
1454 1549 1662 1650 prosternat,
1687 1574 1725 1628 ut

414 1663 482 1757 capi
494 1660 553 1728 tuis
565 1656 699 1739 deliciis,
720 1651 828 1748 siquis
842 1650 1041 1735 mortalium,
1062 1648 1217 1746 poffimus.
1268 1650 1457 1721 Felicitatem
1479 1651 1598 1747 ingenii
1609 1653 1657 1721 tui
1670 1652 1726 1723 td·

281 1820 283 1825 .
414 1757 535 1840 mirari,
548 1759 581 1822 δι
595 1754 676 1823 illam
690 1743 899 1819 incredibilem
912 1745 946 1814 in
960 1739 1078 1816 summa
1092 1743 1232 1817 facundia
1251 1744 1428 1817 facilitatem
1440 1745 1563 1818 dicendi
1575 1748 1725 1859 quicquid

416 1853 510 1927 lubet.
556 1856 663 1946 ltaque
675 1843 766 1916 semel
778 1862 936 1938 acceptum
947 1840 1060 1912 librum
1071 1844 1122 1913 vir
1134 1841 1173 1914 de
1183 1841 1322 1914 manibus
1333 1856 1447 1940 ponere
1461 1846 1545 1938 prius
1558 1868 1724 1942 quivimus,
1794 1914 1798 1919 .

438 1977 510 2021 uam
522 1969 625 2019 totum
636 1937 864 2015 devorassemus.
889 1935 978 2030 Quid
990 1937 1091 2009 dicam
1104 1964 1206 2027 nunc,
1232 1965 1326 2037 quam
1342 1940 1437 2009 multa
1450 1941 1642 2035 invenerim,
1655 1957 1724 2038 q'uae

416 1978 638 2144 l
1259 2134 1266 2146 -
1621 2039 1729 2206 re

423 2240 463 2312 de
480 2169 523 2310 rirg
574 2162 940 2318 ossiza,'auts1milibm
952 2229 1016 2297 ulis
1028 2233 1179 2339 pietate&
1193 2157 1428 2324 progbitatiuviris
1443 2158 1631 2327 nisrgnibu't
1655 2160 1730 2303 lile-
1812 2230 1816 2239 ’

423 2338 505 2409 mini
514 2262 703 2403 ffirciscum
709 2323 860 2398 Pithaeum
872 2323 972 2395 dicere
984 2321 1126 2414 solutum,
1136 2327 1251 2421 Musas
1262 2328 1311 2419 effe
1322 2324 1472 2397 hereticus
1478 2379 1490 2412 ,
1497 2352 1595 2424 quum
1608 2324 1729 2425 signifi-

423 2456 490 2502 care
501 2428 591 2503 vellet
605 2478 615 2511 ‚
647 2426 778 2495 maxima
813 2446 920 2520 uaeque
931 2422 1056 2519 ingenia
1071 2426 1199 2519 ineptias
1211 2431 1266 2493 τὸν
1281 2423 1481 2515 {mundalium
1495 2447 1561 2492 uon
1573 2422 1668 2519 pluris
1682 2420 1731 2496 fa·

424 2552 510 2610 cere,
535 2549 628 2623 quam
637 2547 690 2619 par
705 2517 750 2589 fit.
833 2525 899 2611 ujus
912 2517 990 2589 mihi
1003 2515 1159 2615 sepissime
1172 2521 1305 2590 venitin
1319 2539 1510 2590 mentemtua
1516 2520 1650 2617 legenti,
1663 2547 1732 2595 rm-

425 2626 509 2698 xime
524 2646 595 2692 cum
606 2621 689 2691 illam
700 2610 900 2687 suaviffunam
913 2613 950 2684 ad
956 2641 1104 2717 magnum
1112 2619 1253 2688 Heroem
1267 2621 1300 2686 δι
1313 2617 1357 2686 rei
1369 2617 1503 2688 literaria
1516 2619 1678 2691 Arruntem
1686 2621 1732 2691 le-

424 2745 534 2836 gerem
550 2715 783 2816 praefationem3
815 2718 899 2804 cujus
912 2714 1008 2812 gratia
1021 2711 1044 2785 st
1059 2710 1184 2784 stantun
1198 2712 1367 2785 deauratam
1381 2714 1415 2784 in
1428 2711 1586 2810 Capitulio
1601 2714 1730 2813 politam

429 2820 469 2892 rri
482 2816 541 2887 tibi
556 2835 657 2913 putas,
681 2836 727 2882 nae
741 2832 776 2879 tu
788 2811 922 2880 multum
935 2804 1053 2880 falleris.
1076 2811 1169 2913 Nam⁶
1175 2809 1253 2908 quid
1264 2809 1302 2880 de
1307 2812 1459 2881 Romanis
1466 2806 1632 2906 erd‘pcdes,
1656 2837 1729 2887 cum

430 2916 543 2991 multos
554 2913 653 3009 gentis
666 2904 773 2978 nostr-x
786 2926 837 2976 tua
847 2905 953 2977 divina
962 2906 1105 3002 nulfuat'u
1117 2905 1286 2980 ostenderit
1332 2908 1406 2976 Hoc
1418 2931 1479 3003 ego
1490 2904 1732 3004 stetirnpraevidi,

426 3035 499 3084 eum
510 3029 563 3088 ‚tua
577 3005 757 3101 exemplaria
777 3004 814 3072 iis
832 3000 1024 3091 reddebam,
1055 3003 1167 3102 quibus
1191 3022 1275 3073 erant
1296 2999 1445 3100 inscripta
1493 3004 1618 3076 Accidit
1630 3027 1733 3078 autem

428 3105 486 3182 nist
497 3102 585 3178 fallor
596 3119 847 3198 peropporttme,
879 3120 914 3170 ut
922 3097 1000 3168 liber
1013 3101 1205 3171 cancellario
1224 3094 1381 3195 inscriptus
1395 3099 1497 3196 pluvia
1517 3124 1676 3199 corruptus
1686 3102 1739 3175 es-

430 3200 488 3287 let3
512 3227 583 3270 nam
596 3200 646 3269 ille
659 3199 707 3266 vir
718 3197 857 3291 alioquin
872 3198 1038 3285 maximus,
1062 3196 1142 3268 haud
1152 3193 1216 3266 scio
1226 3194 1390 3294 quomodo
1402 3196 1572 3270 libertatem
1586 3220 1671 3271 tuam
1685 3199 1733 3271 di-

429 3295 520 3369 cendi
533 3293 604 3367 effer
617 3297 883 3388 interpretatum,
915 3288 986 3362 fica
998 3294 1122 3391 legeret.
1170 3292 1290 3363 Omnia
1304 3294 1398 3390 igitur
1409 3289 1485 3364 scito
1504 3294 1621 3366 reddita
1652 3317 1737 3371 raeter

296 3418 304 3430 ¹
428 3393 503 3470 illud
517 3396 653 3462 unicum.
690 3387 830 3458 'Miraris
848 3384 915 3462 sum
934 3391 1053 3461 millum
1074 3387 1183 3477 fuille,
1217 3388 1302 3487 quod
1421 3416 1443 3461 0
1458 3389 1596 3463 Theano
1661 3414 1737 3466 eurr.

434 3489 493 3561 Sed
507 3491 563 3560 alia
575 3483 693 3559 fortalle
705 3487 755 3556 via
769 3482 883 3578 mifilli.
932 3486 1012 3556 Non
1027 3485 1189 3578 injucunda
1200 3482 1261 3557 fuit
1278 3483 1358 3556 mihi
1374 3490 1379 3502 '
1429 3490 1563 3559 mtratio
1578 3487 1617 3568 dt
1627 3492 1736 3564 itinere

430 3611 487 3664 tuo
500 3591 533 3657 in
549 3588 705 3683 Anglianu
754 3583 824 3652 Diu
843 3605 946 3654 tecum
966 3584 1071 3654 multis
1090 3581 1258 3654 rationibus
1272 3583 1427 3673 adducor,
1459 3606 1496 3656 ut
1514 3609 1581 3657 non
1602 3586 1739 3662 aliterde

430 3679 494 3756 'illis
510 3680 659 3770 sentiam,
690 3704 769 3777 quos
782 3675 946 3765 describis,
1001 3707 1074 3752 uam
1089 3701 1123 3751 ut
1171 3704 1260 3752 nunc
1276 3678 1370 3751 video
1385 3676 1506 3754 sentire.
1553 3680 1660 3754 Sedde
1677 3682 1739 3757 hoc

433 3778 572 3884 pluribus
584 3781 670 3866 alias,
694 3802 766 3845 uam
779 3773 841 3845 haec
854 3774 992 3874 scripstsu
1029 3774 1127 3876 ipsum
1163 3774 1295 3850 'celsum
1314 3778 1373 3847 viri
1388 3775 1525 3865 nobilis,
1558 3780 1741 3853 cuicsstra-
1849 3781 1857 3798 ’

436 3874 556 3948 «lebam.
607 3876 672 3968 Qui
683 3873 787 3967 paucis
802 3892 871 3941 ante
880 3870 1106 3969 profeffloncm
1120 3873 1203 3946 horis
1220 3899 1272 3946 me
1285 3871 1412 3961 invilit,
1437 3881 1471 3945 δι
1483 3874 1627 3948 statimse
1661 3874 1745 3950 rofe-

438 3972 560 4139 ἓξὲξ
573 3965 878 4138 sffinificavcitwliale
889 3971 935 4043 vir
946 3968 1182 4067 praestantilltme
1194 3976 1228 4040 ὃ(
1242 3994 1382 4043 rucuma.
1418 3974 1549 4047 Lutetiae
1564 3902 1661 4048 Paul

1673 3963 1743 4048 Kal
1862 4055 1868 4059 .
