4067 5425
420 442 464 526 54
736 400 1574 533 CLSARR'AVH'

814 590 1206 671 EPISTOLA
1254 586 1364 657 LVI.

531 760 662 855 cn.
766 695 1656 847 sanuavru‘s

971 911 1197 1008 caiuma.

467 1021 624 1093 Lugdunum
636 1021 812 1074 Batavorum.

519 1125 681 1200 Ellationis
696 1153 771 1198 mea
783 1154 851 1199 eam
865 1130 1017 1199 rationem
1031 1125 1138 1194 animo
1152 1117 1382 1219 praesumpsisti,
1407 1145 1476 1221 quar
1490 1124 1600 1222 utique
1614 1122 1674 1196 iola
1682 1152 1751 1198 vera

431 1138 509 1295 C
519 1224 571 1298 est.
617 1220 779 1295 Nescienti
793 1251 906 1322 nempe
919 1222 995 1321 quid
1010 1241 1042 1291 te
1055 1222 1158 1321 astum
1171 1216 1260 1304 elsct,
1285 1217 1377 1287 libuit
1391 1223 1507 1318 operiri
1521 1221 1620 1291 donec
1634 1225 1751 1320 aliquid

434 1345 519 1396 certo
531 1319 757 1421 cognoscerem.
806 1324 968 1417 Deinceps
979 1343 1046 1388 non
1058 1316 1193 1401 reflabo,
1217 1312 1274 1386 nisi
1290 1309 1565 1389 exsonticacaulla:
1589 1328 1622 1390 δι
1635 1321 1754 1409 jambis

395 1457 398 1463 ¹
432 1419 543 1517 scripsi.
592 1415 641 1488 Es
660 1418 877 1515 posterioribus
900 1421 977 1488 meis
996 1415 1138 1487 didiceris
1152 1415 1259 1483 Riveri
1275 1411 1355 1482 dete
1370 1418 1578 1513 querimonias
1594 1415 1671 1487 milri
1684 1445 1756 1515 per-

428 1516 550 1616 sperus.
599 1513 776 1586 Novissime
798 1513 967 1601 scribebat,
990 1510 1048 1582 srbi
1069 1520 1129 1601 jam
1153 1534 1257 1581 tecum
1282 1508 1348 1579 satis
1362 1512 1441 1582 belle
1457 1516 1639 1601 convenire,
1665 1541 1757 1614 roga-

429 1615 545 1712 batque
560 1637 600 1683 ne
616 1612 744 1712 quidde
760 1640 800 1684 eo
813 1638 875 1711 ego
886 1612 923 1684 ad
937 1634 987 1697 te,
1011 1607 1186 1704 sedfarluan
1199 1608 1542 1709 infersamfierinequir.
1567 1614 1651 1681 Rene
1658 1639 1755 1684 omne

433 1710 530 1798 istud,
554 1708 706 1808 quicquid
720 1709 820 1795 idest,
845 1707 998 1808 proceffrt.
1024 1706 1111 1776 Cum
1127 1703 1190 1775 istis
1202 1707 1388 1775 clanculariis
1397 1704 1576 1777 cautiustibi
1584 1709 1757 1803 agendum,

431 1811 477 1882 ita
490 1832 596 1880 tamen
612 1833 652 1878 ue
665 1833 683 1877 a
695 1803 814 1877 solenni
826 1828 879 1877 tua
891 1800 1092 1903 generositate
1108 1800 1248 1874 discedas.
1295 1804 1428 1873 Meliore
1441 1824 1494 1873 tua
1509 1802 1683 1876 valetudine
1695 1810 1756 1878 im*

432 1905 555 2005 pensus
574 1903 705 2000 gaudeo
754 1901 870 1974 Amisit
889 1905 923 1973 in
942 1904 1039 1999 patria
1051 1900 1176 1969 triennii
1192 1895 1291 1970 usuras
1304 1899 1397 1971 nobis
1408 1898 1514 1971 debes:
1539 1925 1644 1997 graves
1659 1902 1757 1975 credi-

433 2024 517 2073 tores
529 2000 647 2088 sumus‚
673 2002 729 2096 qui
742 2026 791 2070 eas
804 2003 955 2100 exigimus
969 2023 1027 2069 nec
1044 1993 1171 2067 ferimus
1184 2021 1312 2067 moram.
1364 1995 1620 2097 Quotiescunque
1633 2003 1759 2071 cundia-

436 2098 518 2171 beris
534 2105 568 2169 δι
587 2095 708 2169 curabis
730 2123 746 2171 a
762 2096 846 2169 libris
859 2096 986 2170 edendis
1000 2091 1159 2194 insurgent
1171 2094 1309 2163 inimici:
1335 2120 1415 2192 quos
1425 2092 1556 2166 vicissim
1569 2096 1721 2194 deprimes
1734 2096 1758 2169 fi

432 2201 472 2268 in
506 2194 666 2294 publicum
702 2194 857 2290 procedas.
920 2199 1027 2290 Itaque
1054 2190 1172 2286 semper
1189 2190 1312 2290 aliquid
1340 2193 1451 2263 molire
1478 2221 1486 2263 ε
1525 2218 1609 2281 nunc
1636 2192 1759 2291 praeser·

438 2297 498 2364 tim
528 2290 599 2391 post
625 2311 740 2361 tantam
765 2289 939 2363 absentiam.
989 2288 1173 2386 Amyraldus
1196 2286 1405 2360 salmuriensis
1427 2287 1515 2360 brevi
1534 2293 1636 2361 mittet
1657 2294 1761 2364 Coru-

439 2391 625 2463 meutarium
645 2385 732 2458 suum
755 2392 809 2459 De
831 2380 908 2463 Vita
922 2389 1076 2460 Termino.
1124 2386 1232 2482 Rogat
1247 2387 1297 2456 ille
1310 2407 1346 2455 ut
1359 2385 1398 2458 de
1412 2386 1463 2457 sua
1476 2411 1546 2483 erga
1562 2410 1592 2459 te
1606 2385 1761 2462 sedulitate

437 2488 603 2558 certiorem
616 2504 647 2554 te
660 2480 782 2555 faciam.
830 2486 911 2556 Non
927 2488 1031 2555 omnis
1041 2482 1141 2582 igitur
1154 2485 1239 2552 natio
1245 2479 1486 2581 Theologorum
1492 2484 1551 2554 tibi
1559 2483 1685 2558 infesta:
1709 2488 1761 2557 ille

438 2584 625 2752 chifflet
636 2584 778 2696 primaria
791 2579 913 2697 hujusce
924 2578 1119 2695 professionis
1133 2579 1254 2748 Caepica
1265 2582 1383 2749 lurrpipa
1395 2577 1494 2695 sedet¹
1535 2582 1635 2753 Qppl¹
1647 2583 1764 2752 calpbat

362 2811 366 2820 ,
438 2675 1322 2890 rsnra‘raanrunr‘arrian
1336 2702 1593 2892 aaran
1613 2706 1763 2879 δεε

290 2957 296 2964 ·
439 2878 839 3066 illdbld‘ifplm‘i',
852 2871 1671 3045 sdglnlsslll{lffilllllllllsltlal
1679 2875 1765 3045 llll

442 3071 602 3168 explicare:
628 3066 714 3166 quod
734 3066 784 3136 hic
805 3063 904 3138 facere
924 3066 1006 3139 haud
1029 3067 1106 3139 adeo
1121 3068 1179 3135 erit
1191 3088 1380 3162 promptum.
1430 3066 1584 3166 Nuspiam
1596 3074 1683 3142 enim
1698 3067 1767 3141 for·

441 3165 569 3237 timdini
581 3185 639 3234 tuae
650 3162 777 3234 deerunt
787 3162 921 3236 monstra
934 3162 1121 3236 debellanda.
1171 3162 1230 3234 Sed
1244 3161 1399 3260 prasentia
1411 3168 1488 3236 mala
1499 3190 1611 3266 urgent
1617 3169 1716 3264 magis
1729 3175 1763 3239 δι

444 3262 484 3333 de
502 3260 612 3331 futuris
631 3259 749 3357 semper
764 3261 874 3332 melius
888 3267 1066 3333 ominamur
1114 3259 1285 3356 Compone
1299 3258 1410 3334 statum
1425 3261 1565 3334 nostrum
1577 3290 1651 3335 cum
1664 3262 1765 3337 vestro

446 3365 481 3429 &
494 3356 613 3429 videbis
626 3383 684 3428 nos
696 3355 804 3429 servire
815 3385 872 3429 vos
885 3359 1054 3432 dominari:
1078 3384 1145 3428 non
1156 3379 1275 3428 tannim
1290 3359 1329 3431 de
1341 3359 1518 3456 proceribus
1531 3364 1688 3460 intelligo,
1712 3360 1764 3433 sed

444 3459 539 3529 etiam
557 3454 596 3526 de
607 3458 741 3551 privatis.
767 3457 851 3527 Utut
866 3454 917 3544 stt,
935 3459 1031 3531 Viros
1044 3457 1113 3526 illos
1123 3456 1302 3552 primarios,
1324 3458 1422 3555 quite
1434 3455 1485 3526 hic
1500 3458 1635 3529 detinere
1650 3460 1766 3555 satage-

300 3589 303 3594 ·
444 3551 520 3624 bant
533 3577 600 3622 non
617 3549 736 3641 inviso,
760 3556 855 3624 vitam
873 3557 984 3626 vivunt
996 3557 1124 3626 alienam
1138 3579 1156 3623 a
1171 3551 1308 3623 moribus
1323 3555 1399 3626 meis
1413 3554 1560 3643 aulicam,
1574 3555 1606 3627 id
1620 3553 1664 3627 est
1676 3555 1765 3626 blan-

445 3650 518 3721 dam
539 3650 636 3747 magis
655 3675 750 3746 quam
768 3648 952 3818 benignam
976 3652 1160 3749 plerumque
1177 3647 1305 3720 infidam
1328 3658 1362 3722 δι
1376 3652 1552 3748 malignam.
1577 3653 1628 3723 Ut
1640 3656 1707 3724 voti
1719 3652 1766 3724 sui

828 3749 915 3817 'linc
935 3769 1068 3820 evocent
1086 3768 1328 3846 nonreprrgr103
1352 3745 1403 3820 sed
1414 3751 1467 3818 vix
1480 3752 1582 3850 aliqua
1595 3759 1697 3843 juvare
1713 3775 1768 3822 eos

445 3743 812 3957 pbllldrirlesofillnebddqsee
831 3865 952 3915 tantum
976 3847 1095 3916 Batauis
1118 3846 1178 3914 tuis
1208 3850 1243 3915 δι
1269 3851 1394 3951 Sceptra
1422 3845 1558 3933 tenebis3
1596 3842 1767 3945 omnesque

406 4013 410 4016 ,
447 3937 516 4009 istas
542 3936 759 4035 frigidiusculas
790 3940 921 4040 nebulas¹
936 3939 1107 4017 difflaveris
1141 3944 1232 4015 Vale.
1265 3946 1338 4015 Lut
1369 3940 1457 4017 Paris.
1487 3970 1580 4018 xxrv.
1611 3942 1767 4021 Decemb.

447 4057 508 4108 eu>
525 4058 578 4109 rac
592 4056 698 4108 xum.
