4067 5425
466 333 535 405 ¹90
785 303 1509 382 CLSARRAVII

473 430 616 498 melione
640 430 674 496 dc
702 427 851 498 auctiores
874 425 992 496 fierent
1041 431 1097 496 An
1117 426 1286 521 acceperit,
1309 418 1432 507 nescio,
1454 422 1528 517 quia
1541 418 1619 491 nihil
1637 413 1790 515 rescripsit·

474 522 582 592 Habet
601 545 705 594 tamen
719 528 775 595 alia
789 527 883 594 multa
892 575 903 608 ,
914 546 984 617 quae
1000 520 1086 593 idem
1102 520 1290 604 Monachus,
1314 520 1419 589 talium
1433 513 1643 612 peritiffunus,
1667 541 1791 588 motum
1911 511 1919 530 ’

475 623 733 690 communicavit:
755 646 825 717 qua
839 645 906 689 non
920 622 1062 704 mittam,
1076 615 1132 689 nist
1146 618 1185 689 de
1197 615 1349 714 prioribus
1362 633 1482 710 gratim
1498 614 1636 684 mimum
1651 611 1800 684 fiteritte·

477 714 584 803 status,
604 742 701 814 eaque
714 714 852 811 placuisse
862 739 1052 812 cognovero.
1103 716 1190 784 Cum
1204 714 1301 783 Moto
1311 733 1368 781 too
1380 708 1418 780 ad
1433 710 1594 780 meliorem
1601 733 1795 782 mentemm-

476 812 579 899 vctso,
604 814 637 882 in
657 816 803 910 gratiam,
827 814 900 910 quia
918 809 1022 899 jubes,
1046 811 1177 883 libenter
1197 808 1315 880 redibo,
1375 809 1471 902 Spem
1490 802 1621 876 faciebat
1638 832 1736 903 nuper
1754 806 1792 878 dc

476 907 649 1005 posthumis
663 908 788 979 Claudii
801 910 965 978 Mezcriaci
977 908 1165 1006 colligendis
1215 913 1301 978 Inter
1314 902 1645 1003 qmcumHeroidum
1652 899 1792 999 epistola-

477 1029 547 1076 rum
566 1024 682 1100 partem
700 1006 841 1088 alteram,
865 1025 932 1075 tum
949 1004 1179 1102 Apollodorum
1192 1029 1265 1076 cum
1280 1004 1381 1086 notis,
1403 997 1591 1084 otisolebat,
1613 997 1794 1069 acmiffi·

477 1103 553 1185 mis,
575 1104 709 1171 maxime
766 1121 839 1172 tem.
886 1103 941 1172 Te
955 1105 1056 1172 amico
1070 1105 1118 1173 vir
1131 1100 1318 1174 dodiilltmut
1330 1100 1380 1170 ille
1393 1093 1591 1193 gloriabar:
1614 1093 1791 1193 debocrgo

478 1127 1792 1391 tinninnnnennnnlnnn

478 1411 548 1458 rum
567 1388 720 1474 reditum,
744 1390 916 1462 Heraldum
935 1387 1116 1462 defricantm
1136 1398 1170 1461 δι
1189 1392 1410 1491 Apologeticas
1430 1384 1557 1458 fratrom
1579 1391 1612 1454 ἃ
1634 1388 1792 1455 Vincentii

478 1482 644 1580 Epistolas:
668 1485 754 1583 quod
772 1484 894 1559 solverit
934 1490 1063 1574 tenum,
1087 1485 1248 1558 refundam
1264 1512 1338 1559 cum
1348 1487 1512 1582 gratiarnm
1525 1482 1654 1563 afflone·
1704 1479 1791 1552 Ridi-

479 1583 564 1650 culus
578 1584 710 1654 Allotius
724 1582 849 1654 eniditic
858 1586 889 1655 lu
959 1586 1025 1655 iom
1039 1582 1140 1656 debet
1163 1584 1277 1654 Nolim
1292 1605 1328 1654 ot
1343 1581 1383 1653 ad
1395 1606 1468 1652 eom
1481 1575 1794 1672 confutandumPlry·

386 1689 391 1700 '
480 1674 553 1746 ficas
568 1674 795 1750 observetiooes
805 1682 999 1776 inter-jungar.
1041 1687 1080 1749 ln
1095 1683 1132 1750 iis
1149 1680 1235 1751 enim
1246 1701 1277 1750 te
1290 1687 1351 1770 jam
1364 1676 1423 1750 effe
1433 1697 1553 1758 mum,
1575 1676 1671 1771 volgo
1683 1673 1731 1743 hic
1744 1674 1793 1744 di·

479 1773 566 1843 citur.
616 1782 671 1845 An
683 1775 716 1846 id
729 1800 780 1846 me
792 1779 1090 1873 celanimoportoit?
1116 1775 1323 1847 Modovaless
1336 1780 1370 1846 δι
1385 1772 1513 1858 scibas,
1535 1769 1629 1841 scribe
1637 1769 1792 1870 quodmi-

455 1865 781 1942 'moillubescettuo
806 1873 885 1943 Vale
900 1881 1023 1968 ergo&
1038 1898 1178 1946 nnana
1204 1868 1625 1944 maenianorum.
1648 1865 1795 1939 Octobris

480 1987 773 2039 c1212chv111.

792 2086 1182 2158 EPISTOLA
1231 2085 1481 2157 CLXXXVI.

578 2210 701 2302 CL.
806 2206 1698 2310 SARRAVIUS

986 2363 1117 2436 ciaon
1139 2368 1294 2463 niman.
1348 2469 1355 2483 ς

522 2458 677 2532 Lugdunum
698 2464 872 2517 Batavorum.

565 2537 672 2607 Ximia
684 2531 771 2622 sunt,
780 2561 843 2607 rara
856 2542 890 2607 δι
903 2529 1179 2636 scitudigniffmn,
1193 2534 1406 2636 quescripsrsti
1415 2534 1676 2705 loperlpufllione
1702 2566 1792 2708 Quam

1528 2662 1560 2735 pr
1739 2664 1776 2708 rae

562 2631 620 2703 tibi
626 2631 852 2731 proposueram.
875 2635 999 2707 Vellem
1012 2640 1047 2705 δι
1059 2636 1355 2733 perotiumlicuillet
1384 2660 1493 2706 uaerere
1561 2660 1698 2734 gramma
1776 2681 1794 2694 ·

481 2752 573 2817 cum,
599 2737 683 2820 cujus
700 2729 883 2817 meministi,
908 2737 941 2801 δι
956 2735 1110 2805 annotatis
1120 2731 1236 2805 addere.
1261 2738 1295 2804 V
1331 2734 1338 2748 '
1364 2758 1463 2803 imum
1476 2732 1520 2804 ell
1534 2755 1635 2804 autem
1649 2733 1734 2831 quod
1747 2734 1793 2805 af·

479 2822 599 2911 firmas,
624 2824 761 2922 pluribus
778 2851 873 2897 manu
887 2831 1011 2900 exaratis
1024 2829 1181 2901 codicibus
1200 2828 1269 2900 solis
1279 2831 1388 2900 litteris
1399 2832 1539 2926 primitus
1552 2825 1720 2926 descriptis,
1742 2856 1793 2902 ac-

480 2943 587 2995 centus
597 2920 703 3021 postea
716 2921 920 3019 superadditos
930 2921 1027 2996 fuisse.
1077 2929 1152 2996 Hoc
1166 2927 1250 2997 enim
1267 2927 1377 2996 malam
1393 2952 1519 2997 manum
1533 2923 1635 2996 fecisse
1649 2931 1682 2996 in
1693 2930 1791 2998 Pauli-

480 3043 589 3090 nancm
608 3016 813 3117 Epillolarom
827 3020 935 3091 codice
946 3027 1109 3092 Puteanaeo
1122 3024 1198 3092 olim
1213 3021 1428 3093 animadverti:
1453 3024 1496 3091 Et
1505 3021 1589 3092 idem
1604 3019 1717 3094 facium
1735 3023 1790 3096 elle
1897 3038 1905 3053 “

479 3115 514 3183 in
529 3116 636 3187 Bibliis
646 3113 807 3187 Hebraicis
816 3119 852 3185 B.
867 3118 909 3188 R.
924 3113 980 3188 nli
993 3120 1064 3190 caci
1078 3116 1214 3189 dubitare
1227 3117 1349 3215 polltnt
1399 3125 1476 3213 Quo
1484 3122 1791 3190 aotcmlaeculovixe·

479 3213 521 3278 rit
539 3210 760 3309 Aristophanes
776 3214 827 3284 ille
844 3213 1086 3300 Grnnmaticus,
1112 3212 1258 3310 prosodiae
1269 3221 1303 3285 δι
1318 3236 1500 3286 acceontum
1513 3217 1672 3299 inventor,
1696 3215 1791 3297 adhoc

442 3416 456 3439 ·
479 3305 1789 3506 nnn.lzsltnnnnnninnitiminitnl*

479 3494 552 3570 bace
575 3504 609 3574 in
624 3499 738 3573 mendo
751 3497 900 3574 existimo.
950 3505 1033 3574 Tres
1050 3505 1135 3574 enim
1150 3502 1210 3577 ista
1223 3508 1330 3577 littera
1341 3503 1511 3577 numerales
1521 3507 1599 3577 nulli
1611 3506 1790 3602 Olympiadi

471 3602 712 3670 conveniant&
726 3596 852 3686 ildradi,
865 3598 925 3672 isto
938 3602 1009 3671 loco
1026 3599 1171 3699 positum,
1183 3627 1249 3674 non
1264 3600 1479 3674 estnumeralc.
1503 3602 1626 3688 Suidas,
1635 3627 1701 3700 quo
1713 3625 1791 3691 utor,

479 3690 577 3773 editus
594 3694 637 3765 est
653 3699 688 3765 V
682 3705 788 3769 enetiis
799 3697 839 3771 ab
852 3698 944 3770 Aldo
959 3724 1040 3771 anno
1051 3707 1193 3803 proxim
1199 3708 1344 3803 preteriti
1348 3703 1445 3795 seculi
1460 3700 1576 3771 decimo
1590 3721 1706 3798 quarto.
1730 3702 1794 3770 vi-

363 3788 366 3801 '
477 3785 539 3857 deo
559 3811 662 3861 tamen
684 3795 846 3866 AEmilium
865 3803 993 3868 Portum
1014 3799 1049 3866 in
1073 3792 1123 3867 sua
1146 3798 1245 3868 Suidae
1259 3795 1374 3868 dodica
1386 3799 1489 3893 legere
1502 3818 1620 3867 tantum
1635 3825 1692 3885 pc,
1707 3797 1791 3894 qood

478 3882 698 3981 Olympiadem
710 3913 783 3958 xcv.
800 3891 950 3988 designat,
975 3899 1009 3966 δι
1025 3894 1133 3964 melius
1143 3894 1288 3991 procedit
1325 3901 1439 3965 lterum
1452 3897 1601 3992 cogitanti
1613 3893 1651 3964 de
1666 3897 1791 3988 puerili,

477 4000 513 4048 ut
520 3980 717 4053 arbitrabatur
725 3987 1001 4075 Heraldus‚errore
1009 4008 1066 4061 too
1079 3991 1154 4060 inle
1176 3993 1345 4078 eSolonis,
1367 3987 1679 4063 succurritcertiffima
1686 3991 1793 4062 tuide-

475 4074 623 4157 fendendi
635 4082 723 4150 ratio.
739 4088 829 4178 ipv'pp
846 4090 949 4173 enim,
959 4085 1040 4159 hisce
1053 4088 1146 4157 literis
1154 4016 1303 4184 lcriptum
1314 4086 1593 4158 licetinl’mdeffis
1599 4088 1792 4172 Florentinis,

477 4175 603 4246 nonest
620 4177 779 4251 Gramm:
805 4186 838 4250 δι
851 4181 958 4254 falsum
969 4182 1031 4266 est,
1048 4183 1135 4283 qood
1147 4187 1190 4254 ait
1202 4184 1381 4254 Advocatus
1394 4187 1427 4254 in
1441 4187 1528 4275 tertia
1538 4180 1664 4279 persona
1674 4185 1790 4255 Aoriili

475 4266 599 4345 secundi
613 4270 794 4363 subjunctivi
808 4277 894 4350 modi
907 4306 925 4350 a
937 4280 1034 4352 verbo
1046 4282 1155 4377 ὁρόω-ω
1170 4277 1295 4351 formati
1306 4278 1523 4376 debereo’pu‘yp‘⁴
1570 4279 1792 4378 lgnonvitsci·

473 4365 562 4459 licet,
575 4371 660 4470 quod
671 4373 749 4447 olim
763 4377 796 4446 in
813 4372 920 4449 Schola
934 4376 1095 4476 discipulos
1107 4374 1181 4450 suot
1189 4378 1313 4469 docuit,
1330 4375 1422 4454 verba
1429 4377 1467 4449 ab
1479 4404 1502 4449 ο
1515 4402 1611 4475 parvo
1618 4379 1788 4487 incipimtia

1756 4495 1786 4540 tn
