4067 5425
623 362 652 434 E
699 367 726 436 P
773 368 790 435 1
837 364 858 433 S
906 363 941 435 T
987 361 1024 438 0
1070 364 1099 439 L
1144 372 1195 439 AE.
1504 391 1571 467 129

237 480 360 554 ¹vulnus
372 482 429 552 tlte
441 478 656 551 inllidlumelse
673 479 867 557 testabimtur.
913 484 1031 559 Frustra
1045 485 1234 653 meimffl
1249 485 1283 555 in
1300 483 1490 559 Philistmim
1497 514 1568 585 per-

253 602 328 666 tes,
351 603 526 676 quanquam
541 600 599 647 nec
613 579 749 648 Mallotis
759 604 885 678 quoque
905 580 1033 654 faveam.
1082 584 1139 652 Me
1164 584 1170 596 ‘
1234 585 1319 652 enim
1336 583 1442 655 viauil
1480 588 1566 655 uili-

249 675 324 763 bet,
351 677 390 744 ita
404 695 505 744 tamen
518 692 553 742 ut
567 672 693 743 Curtius
701 681 795 770 magis
808 676 910 748 videar
922 704 1015 777 quani
1028 675 1182 748 Caesarius.
1229 680 1346 748 Sanitas
1359 681 1436 750 mihi
1462 706 1489 750 ic
1497 706 1566 752 me-

253 772 312 842 lius
323 769 476 868 procedit,
499 771 625 866 aprima
637 769 1126 870 juventuteisticepillitioassueto.
1153 773 1564 875 NondubitaviinDialogo

254 868 558 965 plutimacontineri‚
574 867 1470 966 quaeoccultambaberentfignificationemnobisexterisim
1532 898 1568 943 e-

257 964 396 1034 trabilem
401 991 412 1048 3
434 983 492 1031 nec
506 962 589 1032 aliter
597 960 718 1055 satyrica
736 960 842 1059 scripta
856 962 1002 1037 constant.
1027 967 1162 1038 Gaudeo
1170 966 1387 1056 Ultrajedlinos
1400 965 1453 1037 illa
1462 897 1565 1041 (isinum

257 1061 390 1131 ornanda
404 1054 583 1154 defatigatos
592 1056 650 1127 tibi
663 1059 838 1130 concedere.
864 1062 936 1131 Nec
949 1058 1019 1131 sunt
1031 1068 1091 1149 jain
1104 1059 1157 1130 iste
1170 1064 1247 1130 tanti
1258 1114 1268 1144 ,
1280 1081 1316 1131 ut
1326 1066 1498 1159 iterumque
1505 1064 1566 1135 ite-

257 1180 387 1253 rumque
402 1158 607 1225 retrudentur.
654 1154 840 1251 Sedclypeus
854 1178 925 1227 tuus
935 1153 1119 1254 septemplex
1133 1158 1263 1227 inillenir
1275 1161 1376 1247 jaculis
1388 1154 1566 1231 sustinendis

255 1249 379 1323 sufficitr
402 1250 481 1323 solus
493 1270 598 1320 contra
609 1273 726 1321 omnes.
774 1254 829 1322 De
843 1252 980 1323 Heraldo
995 1253 1143 1352 quicquid
1153 1252 1295 1349 scripturn
1310 1251 1441 1340 esttibi,
1465 1256 1566 1327 multo

255 1353 358 1419 minus
370 1346 592 1443 e'steoquodin
608 1366 638 1415 te
649 1347 821 1418 meditatur.
867 1352 978 1420 Altum
991 1351 1076 1419 enim
1089 1352 1256 1445 penetrarit
1272 1349 1422 1420 inllidlum
1435 1352 1564 1438 vulnus,

278 1445 342 1515 uod
356 1442 498 1514 nonduin
511 1439 554 1511 est
571 1436 710 1513 sanabile.
757 1444 816 1516 Sed
830 1450 892 1535 ejus
905 1447 1076 1542 malignum
1088 1447 1226 1515 animuin
1240 1446 1349 1515 melior
1360 1443 1460 1516 forsan
1467 1449 1564 1532 ratio,

206 1586 211 1595 ·
293 1561 483 1636 temtempus
496 1538 621 1608 curabit
667 1543 721 1610 Sin
733 1536 962 1639 liirerepergai,
986 1563 1165 1611 aruumanu
1177 1538 1564 1636 pauloasperiormedicina

254 1637 406 1721 adhibite,
430 1659 488 1731 pro
499 1633 645 1705 omnibus
658 1639 715 1706 erit
731 1640 897 1732 Anticyris.
944 1636 1070 1708 Nudius
1084 1641 1209 1734 quintus
1221 1634 1320 1707 adfuit
1333 1635 1410 1706 milii
1426 1637 1563 1708 Valesius

256 1734 353 1829 quiin
378 1732 513 1826 wunpiirl
523 1733 633 1822 seqlui,
657 1732 744 1829 quod
759 1736 853 1805 totius
869 1732 1056 1804 controversi
1068 1735 1187 1828 negotii
1199 1735 1335 1828 primunr
1347 1739 1381 1802 &
1394 1736 1563 1805 niaximum

86 1878 90 1889 ·
160 1904 163 1911 ,
257 1826 318 1916 est,
342 1824 601 1898 totusnollerestt
624 1827 738 1899 &sune
751 1828 828 1899 hanc
840 1850 957 1927 partein
967 1848 1049 1899 tenta
1062 1828 1117 1898 dili
1140 1830 1265 1899 entia&
1279 1827 1449 1915 sedulitate,
1473 1850 1561 1899 tento

225 1922 233 1939 '
256 1926 349 1994 etiarn
364 1949 436 1994 cum
446 1923 555 1994 ordine
568 1948 599 1992 es
610 1945 767 2010 executus,
792 1946 826 1994 ut
839 1924 917 1996 niliil
928 1927 1055 2022 amplius
1068 1853 1251 1996 dulcoratis
1264 1920 1407 2019 superesse
1420 1923 1563 1996 videntur.

256 2019 369 2094 Ausim
386 2016 505 2091 alserere
518 2017 585 2090 fore
598 2023 631 2089 iri
645 2041 695 2089 tua
707 2018 852 2117 potestate
874 2023 1041 2093 Primatum
1057 2075 1067 2107 ,
1100 2022 1306 2116 Militiamque
1327 2019 1364 2090 ad
1381 2020 1564 2091 umbilicum

254 2118 435 2216 perducere,
457 2115 836 2214 antequamabAdvocato
848 2120 885 2188 lis
900 2115 954 2189 ista
967 2116 1193 2214 redintegretur.
1241 2117 1349 2186 Doleo
1361 2116 1564 2189 curiositatem

253 2214 355 2285 ineam
361 2215 490 2283 nimiam
496 2212 555 2282 tibi
562 2212 666 2283 videri.
715 2213 774 2285 Sed
786 2217 890 2285 omnir
904 2216 1094 2284 tuamaxima
1106 2222 1139 2284 δε
1154 2215 1284 2283 minima
1297 2210 1564 2309 cupidin'imescire

252 2335 329 2382 aveo
337 2324 353 2395 ,'
372 2309 648 2407 quocircamodum
656 2310 686 2377 ei
693 2333 808 2404 ponere
821 2307 1005 2406 vixpoll'urn.
1055 2312 1111 2380 Tu
1118 2336 1192 2379 vero
1203 2306 1477 2393 eademfacilitate,
1501 2334 1563 2408 qua

252 2427 284 2477 tc
291 2407 540 2502 intemperantius
555 2408 729 2499 interrogo,
753 2407 924 2500 potesmihi
943 2405 1094 2476 silentium
1108 2408 1271 2502 imperare,
1294 2428 1438 2501 necaegre
1451 2401 1559 2476 serani.

251 2503 367 2573 Unum
374 2499 681 2599 tamenjanirogrbo,
705 2504 756 2571 cui
769 2528 787 2570 a
799 2524 830 2571 te
845 2500 1016 2597 responderi
1031 2526 1096 2573 non
1110 2500 1265 2571 essedebet
1279 2498 1448 2570 molestum.
1497 2502 1565 2571 Mi-

249 2595 405 2671 stellarum
410 2593 622 2666 defensionum
628 2620 696 2694 pag.
709 2605 752 2689 56
753 2600 784 2666 8.
807 2599 922 2669 Omnia
937 2595 1085 2668 vocabula
1098 2605 1132 2665 in
1148 2603 1233 2665 Men
1245 2601 1441 2665 terminantia
1454 2623 1477 2667 a
1488 2622 1564 2666 ver-

249 2694 296 2767 bis
309 2694 507 2776 derivantem,
531 2715 564 2761 ut
579 2694 699 2779 lumen,
713 2695 855 2789 fulmen,
880 2719 1003 2778 nomen,
1021 2694 1157 2788 flumen,
1182 2696 1283 2763 limen.
1310 2690 1565 2762 Dealiisateal-

250 2792 317 2863 latis
342 2789 456 2858 clarum
483 2783 549 2857 satis
569 2785 621 2857 est.
668 2790 726 2860 Sed
749 2816 766 2860 a
787 2815 853 2885 quo
879 2788 975 2859 verbo
998 2791 1122 2859 Nomen
1144 2790 1298 2884 originem
1319 2783 1402 2857 suain
1423 2785 1566 2860 deducit?

247 2888 304 2960 cui
320 2886 405 2956 alteri
424 2907 484 2954 vox
508 2888 633 2953 Numen
656 2882 746 2955 debet
765 2888 875 2957 natales
894 2884 988 2957 suos?
1021 2887 1071 2953 cui
1089 2890 1246 2954 Germen?
1273 2884 1328 2955 nd
1347 2883 1498 2981 nunqua,
1528 2903 1564 2953 ut
1622 2948 1624 2954 .
1705 2920 1710 2929 ·

249 2991 346 3082 puto,
369 2979 500 3051 themata
511 2986 621 3049 recurri
637 2981 822 3053 necelleell:
846 2985 980 3079 vulgaria
993 2982 1079 3051 enini
1092 3006 1197 3076 parurn
1211 2989 1324 3070 juvarit.
1374 2977 1567 3050 Genevensis

252 3074 510 3166 amicusJacobus
525 3073 739 3147 Gothofredus
762 3083 800 3149 L.
819 3104 848 3148 2.
863 3083 909 3149 D.
933 3079 971 3150 dc
986 3076 1076 3147 rebus
1087 3076 1166 3147 cred.
1190 3074 1273 3146 iustis
1284 3073 1328 3146 est
1342 3076 1507 3170 explicere,
1530 3082 1585 3170 &¹

246 3169 856 3274 fiffiliionemateineisolertermere,
885 3172 1038 3258 itacredo,
1063 3169 1293 3267 restitutamexp
1390 3195 1417 3239 e.
1443 3170 1566 3240 Potuis-
1685 3239 1691 3247 ,

252 3271 295 3343 set
308 3269 361 3341 ista
373 3294 466 3367 opera
479 3264 686 3364 supersedere,
711 3267 734 3338 si
747 3268 903 3342 novillirni
916 3274 962 3340 tui
972 3268 1043 3340 libri
1056 3289 1146 3364 caput
1165 3267 1282 3338 sextum
1296 3270 1327 3337 vi
1351 3271 1357 3283 '
1381 3286 1429 3353 et,
1454 3269 1487 3336 in
1501 3291 1566 3363 quo

256 3369 347 3439 novis
359 3364 731 3461 probationibuspraeclera
739 3363 1063 3438 emendatiolirmatur.
1089 3360 1337 3450 Dissertationem
1347 3359 1567 3459 istamJustello

254 3460 421 3556 inscripsit:
445 3463 534 3531 alieni
547 3485 673 3558 quoque
686 3460 764 3530 mihi
772 3461 896 3552 militde
909 3462 1079 3532 mutatione
1091 3467 1298 3558 &augmento
1309 3462 1565 3529 MonetaeAureae

253 3559 299 3631 'ad
324 3563 360 3628 L.
374 3558 451 3628 2.C.
476 3556 515 3628 de
529 3559 638 3626 veteris
651 3555 854 3629 Nuniismatis
867 3556 1023 3655 potestate.
1069 3556 1238 3654 Epistolam
1254 3553 1430 3664 Ampelii,
1455 3553 1493 3646 de
1509 3578 1570 3649 qua

259 3651 833 3823 llffffifnlllsslllllll.
844 3651 1566 3847 {L‘lfflllilllffillgllli‘ntlll

260 3873 329 3919 eain
343 3870 408 3915 non
420 3842 484 3914 sine
496 3842 606 3914 rubore
624 3841 679 3914 suo
691 3846 791 3941 leget,
813 3867 920 3944 utpote
941 3848 975 3916 in
990 3870 1050 3942 qua
1061 3845 1193 3912 omnino
1207 3843 1336 3926 duriter,
1360 3839 1410 3910 sed
1424 3864 1489 3910 non
1503 3841 1567 3912 sine

256 3937 642 4039 civilipnidentiababenir.
667 3944 866 4014 Valetueum
879 3964 930 4013 tua
944 3968 961 4013 e
977 3963 1152 4010 meacmea.
1174 3942 1302 4010 Lutetiae
1314 3936 1449 4010 Parilior.
1474 3960 1564 4006 xxiii.

258 4042 357 4142 Junii.
379 4059 437 4110 cia
456 4059 510 4109 nc
526 4061 602 4109 ην.
651 4038 748 4112 Aliud
760 4060 791 4112 te
803 4041 893 4130 volo,
918 4036 1006 4132 Quid
1020 4032 1135 4106 fadum
1148 4036 1197 4107 illa
1211 4032 1476 4107 Schotnnidudum
1490 4058 1565 4130 pro·

255 4134 350 4210 mille.
1389 4185 1393 4192 .

997 4425 1030 4495 R
1469 4420 1570 4489 Eni-
