4067 5425
422 245 470 315 ει
656 224 1531 305 ΟιΑιιε.ΕτΙ)οοτιΗιΜ.
1628 236 1629 245 ’

428 355 567 459 quietior
576 350 674 424 frblur
686 345 747 434 cst;
770 348 856 447 quod
869 347 1234 425 Amorbaccbimnimo
1247 375 1299 423 me
1311 347 1465 421 bonoeffe
1476 346 1604 441 jrnfferitr
1619 340 1760 426 ‘seorim

428 459 529 531 literas
541 479 559 524 a
571 444 728 521 Frobenio
751 471 848 542 nuper
868 443 1007 543 recepille
1023 500 1033 533 ,
1063 445 1178 545 quibtu
1191 443 1253 545 ipse
1265 450 1379 519 certior
1392 446 1530 519 redditur
1542 501 1557 534 ,
1576 451 1698 523 nullum
1715 449 1757 521 de

431 547 559 627 Eralmo
575 571 633 621 uec
647 542 762 615 librum
778 596 789 631 ,
812 567 872 613 nec
888 548 1036 616 nuntium
1049 541 1204 617 lubuilln:
1234 570 1368 643 eumque
1380 544 1543 643 postquam
1557 546 1676 619 Carolo
1690 553 1757 617 lm·

432 636 934 747 pemuiaconsrliofaalnscst,
964 638 1391 739 alludiusermnunagere:
1421 642 1759 715 utminimedubitan-

434 738 513 819 durii
527 738 672 823 mihist,
695 762 736 808 ne
750 734 878 834 epistola
892 739 1041 823 illrnea,
1065 738 1114 813 vel
1127 728 1229 834 potiirs
1244 738 1548 811 deliriuminbrcem
1560 763 1655 811 exeat.
1703 740 1758 811 Ad

434 841 500 913 hee
518 841 644 911 aBeato
658 832 813 906 Rbemno
826 833 994 931 accepisse,
1027 833 1217 908 Frobenium
1235 836 1269 907 in
1285 832 1439 932 przsmtia
1452 838 1639 909 Termlliani
1652 841 1760 908 omnia

437 964 531 1037 opera
541 932 641 1007 solum
654 929 795 1016 emififfe3
840 956 888 1005 nar
901 956 948 1003 tes
959 957 1026 1007 non
1038 930 1188 1005 mediocri
1199 959 1253 1004 me
1265 929 1406 1028 scrupulo
1417 934 1544 1021 levavit,
1569 932 1760 1005 tarnetsrnon

439 1040 529 1149 plane
547 1026 701 1105 desccauu
722 958 859 1101 millio
877 1032 1006 1105 animun
1056 1029 1146 1125 Quid
1167 1028 1546 1103 enimfialiundeerteat?
1576 1028 1763 1101 srErasmtn

439 1128 501 1303 ipse
524 1132 616 1203 alicui
633 1124 833 1199 commodato
856 1124 974 1199 tradat?
1005 1124 1142 1224 fiantque
1164 1126 1338 1224 inde-plura
1359 1130 1568 1226 amrplnia?
1604 1152 1696 1225 qmre
1711 1125 1761 1196 fac

475 1230 608 1301 alviuarn
636 1220 688 1294 bic
714 1221 919 1297 &fidemne
957 1226 986 1241 ''
1010 1226 1126 1297 entiam
1149 1223 1420 1311 nondesrderem,
1459 1224 1639 1295 &breme
1661 1226 1762 1295 mok—

435 1326 498 1397 'stia
517 1322 622 1396 libera.
671 1319 696 1367 ἦ
726 1321 812 1419 Julio
836 1327 936 1393 Arato
957 1346 971 1391 r
1001 1317 1123 1417 pondi,
1155 1319 1400 1409 statimubiejns
1418 1320 1580 1416 epistolam
1598 1348 1616 1392 a
1635 1321 1765 1393 ternihi

442 1418 561 1496 millam
573 1422 655 1517 legi,
678 1444 808 1517 eamque
821 1415 1048 1512 responsionem
1060 1469 1071 1502 ,
1095 1442 1157 1487 una
1172 1442 1244 1488 cum
1255 1421 1333 1489 meis
1345 1415 1384 1486 ad
1394 1434 1425 1486 re
1437 1420 1531 1489 literis
1543 1417 1611 1490 misr
1625 1448 1635 1489 t
1659 1417 1764 1493 neseio

443 1547 483 1591 an
498 1518 536 1589 ad
547 1540 578 1589 tt
590 1518 701 1614 perlata
713 1514 759 1585 fit.
808 1515 949 1583 Nuntius
960 1509 1023 1584 fnit
1034 1534 1139 1585 carnot
1151 1512 1293 1610 quidam,
1317 1516 1374 1614 qui
1386 1513 1530 1611 Gasparis
1541 1513 1638 1588 nostri
1651 1517 1765 1585 Arluni

444 1615 601 1689 summurn
614 1611 645 1685 se
658 1615 793 1685 amicum
807 1606 991 1706 praedicabat
1042 1614 1157 1708 Agitur
1175 1618 1237 1701 jam
1251 1606 1315 1682 fere
1329 1613 1435 1681 tertius
1452 1612 1572 1684 mensio
1621 1614 1701 1682 Non
1716 1612 1765 1682 di·

445 1712 516 1787 misr
530 1739 580 1783 eas
590 1714 689 1781 literas
701 1706 785 1777 fratri
798 1728 871 1793 tun,
894 1708 1045 1805 quoniam
1060 1710 1094 1779 ris
1113 1709 1149 1778 in
1162 1706 1343 1779 Cremenses
1356 1708 1508 1783 nundinas
1529 1731 1590 1783 erat
1601 1706 1767 1806 profedlur.

451 1811 552 1909 Qtod
567 1807 671 1880 scribit
681 1826 712 1873 te
723 1826 915 1888 curaturum,
938 1824 972 1873 ut
984 1830 1078 1900 quarn
1091 1806 1227 1900 primum
1241 1803 1441 1903 cognostnn,
1457 1834 1518 1906 qua
1529 1806 1689 1907 diligentia
1700 1804 1768 1876 ulus

447 1906 558 1993 fueris,
583 1928 619 1974 ut
629 1906 663 1971 in
678 1901 795 1972 ltaliam
808 1897 989 1996 profellurus
1002 1900 1173 1987 conducat,
1197 1900 1338 1996 gaudebo
1351 1901 1372 1970 st
1386 1906 1630 1998 operaepretium
1643 1901 1768 1999 aliquod

449 2002 598 2084 effererir3
621 1996 786 2093 prasertim
799 1999 949 2095 quoniam
963 2023 1085 2083 vereor,
1111 2020 1145 2069 ut
1158 1998 1224 2068 satis
1235 1997 1373 2068 duratura
1387 1995 1445 2069 lint
1456 1997 1511 2069 bac
1526 2003 1559 2068 in
1571 1997 1768 2071 urbestudia:

449 2104 493 2171 ita
505 2097 643 2193 undique
655 2097 690 2167 in
702 2096 812 2165 vicinis
824 2092 969 2181 urbibus,
993 2096 1108 2167 Monte
1121 2094 1293 2179 Pernam,
1318 2092 1492 2180 Nenuuso,
1517 2094 1769 2192 Viennapestili·

450 2219 494 2269 tas
504 2191 674 2264 bacchante
723 2192 795 2289 Ego
810 2216 905 2288 quarn
916 2190 1190 2288 primurndubitati
1202 2193 1346 2288 coeperit,
1371 2212 1489 2263 vertam
1502 2190 1600 2263 solum
1607 2221 1618 2275 ς
1642 2216 1715 2261 nam
1728 2193 1770 2263 ita

452 2290 611 2363 mihiturn
618 2286 851 2363 Decurionibus
866 2310 1056 2363 conventum
1069 2287 1132 2376 est,
1157 2287 1368 2386 stipmdnqne
1381 2290 1506 2359 interim
1518 2314 1555 2359 ex
1565 2287 1771 2385 padionede-

451 2388 576 2459 bentnr.
609 2388 815 2484 Siquicquun
831 2382 1286 2471 Pataviifaotunehacderees‚
1299 2387 1413 2482 poterit
1447 2389 1454 2403 ’
1479 2385 1772 2477 notibiadjnmento

452 2482 510 2557 esse
524 2483 699 2556 leonardus
712 2479 885 2579 Hispanus,
909 2486 966 2580 qui
978 2483 1017 2559 de
1028 2484 1132 2555 Gallia
1143 2486 1214 2554 illuc
1227 2508 1324 2580 nuper
1337 2482 1381 2554 est
1394 2506 1455 2554 con
1478 2485 1565 2555 ustus
1580 2537 1591 2572 ,
1612 2504 1648 2553 ut
1664 2483 1769 2555 Medi-

454 2584 531 2654 cinae
544 2577 837 2678 studiaprofitruttut
862 2583 890 2653 is
902 2578 1118 2668 mhiamicus,
1143 2587 1176 2649 &
1185 2584 1331 2652 Antonio
1340 2578 1519 2672 Justiniarm
1526 2580 1696 2665 familiaris,
1710 2604 1770 2676 po-

454 2681 527 2750 terit
537 2679 807 2752 commendatione
820 2671 872 2746 sua
883 2678 1068 2773 plurimum,
1094 2673 1152 2748 nifi
1165 2675 1269 2762 fallor,
1292 2678 1436 2775 prodesse.
1467 2680 1607 2776 Expeelo
1621 2681 1720 2749 literas
1732 2675 1772 2748 rb

454 2775 503 2848 his
515 2775 656 2876 eruditis,
683 2800 763 2873 quos
774 2796 810 2844 tu
823 2771 1056 2940 mibiepraedicas
1068 2776 1182 2846 amicos
1195 2827 1206 2858 ,
1230 2780 1263 2844 δι
1277 2801 1373 2874 quam
1387 2778 1524 2874 primum
1535 2775 1563 2846 se
1576 2772 1774 2873 perepistolas

454 2899 580 2946 mecum
591 2875 813 2944 conciliautroo
861 2870 894 2939 R
923 2868 1069 2966 poodebo
1081 2869 1211 2942 libenter
1222 2871 1302 2960 illie,
1335 2899 1439 2972 neque
1452 2900 1503 2943 me
1515 2871 1622 2944 officio
1635 2895 1687 2944 aut
1702 2896 1773 2941 mo-

456 2967 549 3042 destia
563 2973 646 3038 vinci
660 2967 763 3044 finam.
812 2967 911 3044 nunu
922 2966 1001 3042 nihil
1011 2992 1120 3041 moror
1128 2987 1213 3040 tanta
1223 2970 1380 3056 mercede,
1404 2968 1603 3046 srCatanaeur
1615 2973 1776 3065 inpetrare

458 3068 553 3164 gratis
564 3064 672 3159 polilt,
695 3089 763 3136 non
775 3061 959 3159 displicuerit
971 3089 1010 3138 eo
1026 3063 1123 3136 modo
1133 3065 1235 3162 palatii
1246 3065 1423 3163 Apostolici
1435 3067 1494 3138 elle
1507 3069 1673 3152 comitem,
1697 3067 1775 3135 alio-

459 3166 538 3260 quin
553 3163 637 3263 spem
643 3169 743 3263 pretio
755 3187 816 3231 non
827 3188 891 3230 emo
905 3215 916 3249 ‚
938 3182 974 3232 ut
987 3163 1037 3234 ille
1051 3164 1162 3259 inquit
1212 3163 1267 3233 nd
1277 3163 1465 3236 Frobenium
1481 3163 1619 3236 missurus
1631 3190 1698 3234 non
1708 3159 1775 3233 sum

457 3258 623 3424 paradoxa3
646 3255 697 3328 sed
710 3254 957 3330 nmorbacchiur
967 3284 1114 3332 noneum
1126 3261 1205 3331 velle
1217 3259 1277 3331 boc
1289 3264 1409 3363 negotii
1421 3260 1565 3352 assumere
1575 3264 1632 3346 ait,
1655 3259 1705 3332 sed
1719 3285 1776 3329 ne·-

472 3358 522 3426 cio
536 3356 731 3454 quemalium
744 3355 1056 3430 nomineAndream:
1078 3363 1169 3447 ejuse
1234 3384 1330 3430 omen
1341 3385 1408 3430 non
1415 3379 1517 3429 teneo.
1542 3365 1572 3427 Is
1585 3358 1777 3429 eumdevnl-

459 3456 537 3549 gatir
551 3449 624 3523 ellet
636 3453 812 3550 exemplum
824 3475 999 3549 accepturus
1013 3507 1024 3539 ,
1049 3480 1127 3525 vana
1141 3383 1349 3550 spiiiieonus
1362 3453 1461 3526 elusus
1471 3453 1515 3525 est
1529 3483 1539 3538 ;
1563 3459 1712 3525 nimirum
1726 3457 1778 3523 Α-

460 3547 659 3621 morbaeehio
667 3545 954 3634 adeumscribente,
966 3548 995 3622 se
1009 3550 1286 3624 emendatilsunum
1293 3553 1433 3624 codicem
1444 3549 1619 3622 millenum:
1644 3571 1679 3620 ut
1691 3577 1778 3623 nune

459 3647 629 3741 perieulum
642 3648 699 3717 elle
712 3672 780 3717 non
794 3646 954 3718 modicum
967 3644 1148 3735 issensem,
1194 3654 1249 3721 uin
1263 3651 1473 3748 qualecunque
1486 3675 1581 3746 opus,
1596 3647 1778 3719 etiamstin-

461 3739 519 3811 star
532 3742 607 3811 editi
619 3767 707 3814 cortu
728 3765 796 3813 turn
809 3795 819 3827 ,
843 3744 1046 3814 nihilominus
1061 3677 1286 3842 imprtllirribus
1298 3745 1422 3818 mandet
1434 3801 1444 3833 ,
1469 3750 1510 3817 ita
1521 3773 1594 3818 cum
1607 3751 1778 3820 animamur

412 3865 421 3890 ν
461 3835 545 3908 elle:
569 3859 604 3907 tu
617 3865 697 3909 mea
750 3866 830 3925 one,
856 3841 932 3937 quid
945 3840 1063 3912 consilii
1077 3844 1258 3939 capiendum
1274 3843 1317 3914 srt.
1367 3845 1459 3914 Extra
1466 3844 1609 3915 ordinem
1625 3847 1658 3915 in
1671 3846 1779 3915 eaela-

462 3933 1563 4037 tumDigestommdeVerborumsrgnificationeCommentarioscudo:
1588 3943 1781 4038 exeisaliqua

461 4029 641 4101 tibitradere
648 4033 856 4128 politumque
864 4058 935 4107 cum
944 4037 1077 4106 austerio
1085 4040 1190 4134 aliquo
1197 4038 1593 4128 alioslibrosedas‚lim0do
1601 4041 1779 4112 editunnes.

464 4129 604 4200 Celerius
616 4128 738 4224 pariunt
748 4127 927 4224 elephanti,
952 4157 1045 4227 qnam
1059 4154 1119 4219 tu,
1151 4136 1239 4228 plane
1253 4135 1429 4230 Callipidet.
1478 4138 1570 4206 Ultra
1589 4138 1730 4208 cubitum
1748 4154 1781 4204 te

463 4252 620 4322 promove.
651 4225 1183 4326 Quodadrolumenantiquitamm
1191 4235 1315 4316 attinet,
1339 4232 1619 4330 illudinpraescnria
1631 4256 1782 4401 penesffie

1641 4359 1645 4370 ·
1768 4352 1787 4399 c

499 4436 869 4518 *Juliunrl’flupr'nredigiu
889 4441 1763 4528 AdmrrirmfrrterCalvoPfluggrrmrnt'ralt‘nguadt'rirrarrrrm·
1785 4491 1787 4495 ·
