<?xml version="1.0" encoding="UTF-8"?>
<!DOCTYPE html PUBLIC "-//W3C//DTD XHTML 1.0 Transitional//EN"
    "http://www.w3.org/TR/xhtml1/DTD/xhtml1-transitional.dtd">
<html xmlns="http://www.w3.org/1999/xhtml" xml:lang="en" lang="en">
 <head>
  <title>
</title>
<meta http-equiv="Content-Type" content="text/html;charset=utf-8" />
  <meta name='ocr-system' content='tesseract 3.04.00' />
  <meta name='ocr-capabilities' content='ocr_page ocr_carea ocr_par ocr_line ocrx_word'/>
</head>
<body>
  <div class='ocr_page' id='page_1' title='image "./marquardigudiie00burmgoog_0515.png"; bbox 0 0 4067 5425; ppageno 0'>
   <div class='ocr_carea' id='block_1_1' title="bbox 453 253 1494 474">
    <p class='ocr_par' dir='ltr' id='par_1_1' title="bbox 453 253 1494 474">
     <span class='ocr_line' id='line_1_1' title="bbox 453 253 1494 376; baseline -0.015 -37"><span class='ocrx_word' id='word_1_1' title='bbox 453 286 502 376; x_wconf 47' lang='grc' dir='ltr'>η</span> <span class='ocrx_word' id='word_1_2' title='bbox 770 253 1494 340; x_wconf 71' lang='lat' dir='ltr'>cnsnuunvrr</span> 
     </span>
     <span class='ocr_line' id='line_1_2' title="bbox 845 390 1439 474; baseline -0.019 1"><span class='ocrx_word' id='word_1_3' title='bbox 845 392 1233 474; x_wconf 73' lang='lat' dir='ltr'>nursTOLn</span> <span class='ocrx_word' id='word_1_4' title='bbox 1282 390 1439 467; x_wconf 62' lang='lat' dir='ltr'>lxxv.</span> 
     </span>
    </p>
   </div>
   <div class='ocr_carea' id='block_1_2' title="bbox 540 510 1780 779">
    <p class='ocr_par' dir='ltr' id='par_1_2' title="bbox 540 510 1780 779">
     <span class='ocr_line' id='line_1_3' title="bbox 540 510 1780 636; baseline -0.015 0"><span class='ocrx_word' id='word_1_5' title='bbox 540 510 1780 636; x_wconf 73' lang='lat' dir='ltr'>CL.·sARRAV1Us‘</span> 
     </span>
     <span class='ocr_line' id='line_1_4' title="bbox 962 673 1286 779; baseline 0 -27"><span class='ocrx_word' id='word_1_6' title='bbox 962 673 1107 754; x_wconf 67' lang='lat' dir='ltr'>&#39;Claudio</span> <span class='ocrx_word' id='word_1_7' title='bbox 1129 682 1286 779; x_wconf 67' lang='lat' dir='ltr'>rumpo.</span> 
     </span>
    </p>
   </div>
   <div class='ocr_carea' id='block_1_3' title="bbox 462 791 1847 1539">
    <p class='ocr_par' dir='ltr' id='par_1_3' title="bbox 576 791 855 845">
     <span class='ocr_line' id='line_1_5' title="bbox 576 791 855 845; baseline -0.032 1"><span class='ocrx_word' id='word_1_8' title='bbox 576 806 659 845; x_wconf 72' lang='lat' dir='ltr'>mum</span> <span class='ocrx_word' id='word_1_9' title='bbox 680 791 855 843; x_wconf 74' lang='lat' dir='ltr'>Batavorum.</span> 
     </span>
    </p>

    <p class='ocr_par' dir='ltr' id='par_1_4' title="bbox 462 794 1847 1539">
     <span class='ocr_line' id='line_1_6' title="bbox 500 794 1782 958; baseline -0.011 -24"><span class='ocrx_word' id='word_1_10' title='bbox 500 794 1117 958; x_wconf 53' lang='lat' dir='ltr'>mlieratmihinudiusquattuslustellus</span> <span class='ocrx_word' id='word_1_11' title='bbox 1124 851 1245 938; x_wconf 86' lang='lat' dir='ltr'>noster,</span> <span class='ocrx_word' id='word_1_12' title='bbox 1265 854 1782 955; x_wconf 75' lang='lat' dir='ltr'>quommderebtnt&#39;uisplaeidiffi.</span> 
     </span>
     <span class='ocr_line' id='line_1_7' title="bbox 462 890 1782 1073; baseline -0.002 -41"><span class='ocrx_word' id='word_1_13' title='bbox 462 890 601 1044; x_wconf 81' lang='lat' dir='ltr'>Arne</span> <span class='ocrx_word' id='word_1_14' title='bbox 616 961 811 1073; x_wconf 87' lang='lat' dir='ltr'>colloquutus</span> <span class='ocrx_word' id='word_1_15' title='bbox 823 955 905 1029; x_wconf 86' lang='lat' dir='ltr'>sum:</span> <span class='ocrx_word' id='word_1_16' title='bbox 929 952 1018 1025; x_wconf 77' lang='lat' dir='ltr'>facile</span> <span class='ocrx_word' id='word_1_17' title='bbox 1038 949 1317 1023; x_wconf 83' lang='lat' dir='ltr'>confensrmusnon</span> <span class='ocrx_word' id='word_1_18' title='bbox 1330 949 1550 1024; x_wconf 80' lang='lat' dir='ltr'>fenerationes</span> <span class='ocrx_word' id='word_1_19' title='bbox 1561 972 1643 1042; x_wconf 76' lang='lat' dir='ltr'>trus,</span> <span class='ocrx_word' id='word_1_20' title='bbox 1665 956 1782 1030; x_wconf 83' lang='lat' dir='ltr'>utiltic</span> 
     </span>
     <span class='ocr_line' id='line_1_8' title="bbox 465 1047 1785 1159; baseline -0.005 -24"><span class='ocrx_word' id='word_1_21' title='bbox 465 1062 596 1159; x_wconf 77' lang='lat' dir='ltr'>amplius</span> <span class='ocrx_word' id='word_1_22' title='bbox 606 1082 735 1130; x_wconf 80' lang='lat' dir='ltr'>morene</span> <span class='ocrx_word' id='word_1_23' title='bbox 751 1079 825 1126; x_wconf 84' lang='lat' dir='ltr'>eum</span> <span class='ocrx_word' id='word_1_24' title='bbox 839 1052 1007 1125; x_wconf 74' lang='lat' dir='ltr'>honoratio</span> <span class='ocrx_word' id='word_1_25' title='bbox 1019 1047 1119 1121; x_wconf 82' lang='lat' dir='ltr'>solito.</span> <span class='ocrx_word' id='word_1_26' title='bbox 1167 1049 1266 1120; x_wconf 85' lang='lat' dir='ltr'>Etille</span> <span class='ocrx_word' id='word_1_27' title='bbox 1277 1048 1373 1147; x_wconf 71' lang='lat' dir='ltr'>prae&#39;se</span> <span class='ocrx_word' id='word_1_28' title='bbox 1383 1047 1462 1139; x_wconf 87' lang='lat' dir='ltr'>fert,</span> <span class='ocrx_word' id='word_1_29' title='bbox 1485 1049 1785 1130; x_wconf 77' lang='lat' dir='ltr'>modotibinonde-</span> 
     </span>
     <span class='ocr_line' id='line_1_9' title="bbox 465 1144 1847 1252; baseline -0.003 -23"><span class='ocrx_word' id='word_1_30' title='bbox 465 1161 519 1248; x_wconf 77' lang='lat' dir='ltr'>sis,</span> <span class='ocrx_word' id='word_1_31' title='bbox 540 1153 707 1228; x_wconf 81' lang='lat' dir='ltr'>foreutad</span> <span class='ocrx_word' id='word_1_32' title='bbox 720 1173 832 1224; x_wconf 85' lang='lat' dir='ltr'>nutum</span> <span class='ocrx_word' id='word_1_33' title='bbox 843 1172 933 1222; x_wconf 89' lang='lat' dir='ltr'>tuum</span> <span class='ocrx_word' id='word_1_34' title='bbox 945 1169 1098 1247; x_wconf 75' lang='lat' dir='ltr'>augeatur.</span> <span class='ocrx_word' id='word_1_35' title='bbox 1143 1144 1244 1240; x_wconf 77' lang='lat' dir='ltr'>Qiod</span> <span class='ocrx_word' id='word_1_36' title='bbox 1256 1168 1434 1218; x_wconf 76' lang='lat' dir='ltr'>autemate</span> <span class='ocrx_word' id='word_1_37' title='bbox 1447 1150 1587 1246; x_wconf 85' lang='lat' dir='ltr'>requirit,</span> <span class='ocrx_word' id='word_1_38' title='bbox 1611 1149 1681 1222; x_wconf 85' lang='lat' dir='ltr'>vide</span> <span class='ocrx_word' id='word_1_39' title='bbox 1697 1180 1783 1252; x_wconf 86' lang='lat' dir='ltr'>quo-</span> <span class='ocrx_word' id='word_1_40' title='bbox 1844 1194 1847 1201; x_wconf 86' lang='lat'>.</span> 
     </span>
     <span class='ocr_line' id='line_1_10' title="bbox 471 1242 1786 1352; baseline -0.002 -27"><span class='ocrx_word' id='word_1_41' title='bbox 471 1250 710 1352; x_wconf 68' lang='lat' dir='ltr'>modoprzllare</span> <span class='ocrx_word' id='word_1_42' title='bbox 724 1253 816 1323; x_wconf 82' lang='lat' dir='ltr'>velis:</span> <span class='ocrx_word' id='word_1_43' title='bbox 840 1268 963 1321; x_wconf 79' lang='lat' dir='ltr'>namur</span> <span class='ocrx_word' id='word_1_44' title='bbox 976 1244 1085 1344; x_wconf 80' lang='lat' dir='ltr'>pollis,</span> <span class='ocrx_word' id='word_1_45' title='bbox 1110 1244 1175 1338; x_wconf 87' lang='lat' dir='ltr'>inp</span> <span class='ocrx_word' id='word_1_46' title='bbox 1311 1242 1439 1315; x_wconf 82' lang='lat' dir='ltr'>esttibi</span> <span class='ocrx_word' id='word_1_47' title='bbox 1488 1247 1786 1350; x_wconf 79' lang='lat' dir='ltr'>Nempeutaliquid</span> 
     </span>
     <span class='ocr_line' id='line_1_11' title="bbox 467 1337 1787 1445; baseline -0.003 -20"><span class='ocrx_word' id='word_1_48' title='bbox 467 1348 670 1427; x_wconf 77' lang='lat' dir='ltr'>curatoribtu</span> <span class='ocrx_word' id='word_1_49' title='bbox 683 1350 861 1445; x_wconf 85' lang='lat' dir='ltr'>&amp;Principi</span> <span class='ocrx_word' id='word_1_50' title='bbox 875 1342 1025 1417; x_wconf 75' lang='lat' dir='ltr'>inscribas.</span> <span class='ocrx_word' id='word_1_51' title='bbox 1073 1337 1230 1411; x_wconf 74' lang='lat' dir='ltr'>Prioribus</span> <span class='ocrx_word' id='word_1_52' title='bbox 1263 1340 1333 1413; x_wconf 81' lang='lat' dir='ltr'>ebes</span> <span class='ocrx_word' id='word_1_53' title='bbox 1348 1345 1515 1413; x_wconf 67' lang='lat' dir='ltr'>Primnum</span> <span class='ocrx_word' id='word_1_54' title='bbox 1524 1344 1611 1413; x_wconf 85' lang='lat' dir='ltr'>illum</span> <span class='ocrx_word' id='word_1_55' title='bbox 1624 1366 1733 1437; x_wconf 87' lang='lat' dir='ltr'>tuum,</span> <span class='ocrx_word' id='word_1_56' title='bbox 1752 1359 1787 1422; x_wconf 79' lang='grc' dir='ltr'>δι</span> 
     </span>
     <span class='ocr_line' id='line_1_12' title="bbox 469 1435 1786 1539; baseline -0.002 -17"><span class='ocrx_word' id='word_1_57' title='bbox 469 1454 504 1523; x_wconf 92' lang='lat' dir='ltr'>in</span> <span class='ocrx_word' id='word_1_58' title='bbox 518 1448 621 1521; x_wconf 90' lang='lat' dir='ltr'>fronte</span> <span class='ocrx_word' id='word_1_59' title='bbox 640 1445 763 1538; x_wconf 70' lang='grc' dir='ltr'><strong><em>ὁνομαςὶ</em></strong></span> <span class='ocrx_word' id='word_1_60' title='bbox 785 1469 896 1517; x_wconf 84' lang='lat' dir='ltr'>omnes</span> <span class='ocrx_word' id='word_1_61' title='bbox 909 1438 1114 1539; x_wconf 76' lang='lat' dir='ltr'>compellandi</span> <span class='ocrx_word' id='word_1_62' title='bbox 1135 1435 1212 1506; x_wconf 74' lang='lat' dir='ltr'>sune</span> <span class='ocrx_word' id='word_1_63' title='bbox 1261 1444 1352 1535; x_wconf 82' lang='lat' dir='ltr'>Qus</span> <span class='ocrx_word' id='word_1_64' title='bbox 1367 1440 1454 1509; x_wconf 78' lang='lat' dir='ltr'>malis</span> <span class='ocrx_word' id='word_1_65' title='bbox 1473 1437 1739 1538; x_wconf 76' lang='lat' dir='ltr'>habere-patronos</span> <span class='ocrx_word' id='word_1_66' title='bbox 1752 1451 1786 1518; x_wconf 91' lang='lat' dir='ltr'>in</span> 
     </span>
    </p>
   </div>
   <div class='ocr_carea' id='block_1_4' title="bbox 334 1532 1786 1625">
    <p class='ocr_par' dir='ltr' id='par_1_5' title="bbox 334 1532 1786 1625">
     <span class='ocr_line' id='line_1_13' title="bbox 334 1532 1786 1625; baseline 0.004 -15"><span class='ocrx_word' id='word_1_67' title='bbox 334 1614 341 1625; x_wconf 62' lang='lat'>‚</span> <span class='ocrx_word' id='word_1_68' title='bbox 467 1546 665 1620; x_wconf 80' lang='lat' dir='ltr'>&#39;tamdelicata</span> <span class='ocrx_word' id='word_1_69' title='bbox 679 1541 884 1617; x_wconf 79' lang='lat' dir='ltr'>controversia</span> <span class='ocrx_word' id='word_1_70' title='bbox 898 1564 966 1610; x_wconf 91' lang='lat' dir='ltr'>non</span> <span class='ocrx_word' id='word_1_71' title='bbox 981 1538 1081 1610; x_wconf 86' lang='lat' dir='ltr'>video.</span> <span class='ocrx_word' id='word_1_72' title='bbox 1132 1532 1297 1604; x_wconf 81' lang='lat' dir='ltr'>Posteriori</span> <span class='ocrx_word' id='word_1_73' title='bbox 1309 1555 1411 1606; x_wconf 81' lang='lat' dir='ltr'>autem</span> <span class='ocrx_word' id='word_1_74' title='bbox 1423 1538 1537 1606; x_wconf 84' lang='lat' dir='ltr'>Militia</span> <span class='ocrx_word' id='word_1_75' title='bbox 1549 1558 1599 1607; x_wconf 80' lang='lat' dir='ltr'>tua</span> <span class='ocrx_word' id='word_1_76' title='bbox 1611 1538 1732 1614; x_wconf 88' lang='lat' dir='ltr'>dudum</span> <span class='ocrx_word' id='word_1_77' title='bbox 1744 1544 1786 1615; x_wconf 85' lang='lat' dir='ltr'>est</span> 
     </span>
    </p>
   </div>
   <div class='ocr_carea' id='block_1_5' title="bbox 472 1629 1786 1737">
    <p class='ocr_par' dir='ltr' id='par_1_6' title="bbox 472 1629 1786 1737">
     <span class='ocr_line' id='line_1_14' title="bbox 472 1629 1786 1737; baseline -0.005 -20"><span class='ocrx_word' id='word_1_78' title='bbox 472 1643 627 1718; x_wconf 67' lang='lat' dir='ltr'>destinata„</span> <span class='ocrx_word' id='word_1_79' title='bbox 677 1642 736 1713; x_wconf 87' lang='lat' dir='ltr'>Sed</span> <span class='ocrx_word' id='word_1_80' title='bbox 743 1639 902 1723; x_wconf 88' lang='lat' dir='ltr'>nondum,</span> <span class='ocrx_word' id='word_1_81' title='bbox 925 1638 1065 1733; x_wconf 81' lang='lat' dir='ltr'>inquies,</span> <span class='ocrx_word' id='word_1_82' title='bbox 1086 1630 1229 1702; x_wconf 67' lang='lat' dir='ltr'>effoetum</span> <span class='ocrx_word' id='word_1_83' title='bbox 1238 1629 1364 1727; x_wconf 86' lang='lat' dir='ltr'>ellopus</span> <span class='ocrx_word' id='word_1_84' title='bbox 1372 1634 1551 1720; x_wconf 77' lang='lat' dir='ltr'>Gallicum,</span> <span class='ocrx_word' id='word_1_85' title='bbox 1589 1636 1652 1706; x_wconf 92' lang='lat' dir='ltr'>uod</span> <span class='ocrx_word' id='word_1_86' title='bbox 1667 1642 1695 1709; x_wconf 89' lang='lat' dir='ltr'>ei</span> <span class='ocrx_word' id='word_1_87' title='bbox 1712 1664 1786 1737; x_wconf 88' lang='lat' dir='ltr'>pro-</span> 
     </span>
    </p>
   </div>
   <div class='ocr_carea' id='block_1_6' title="bbox 471 1727 1927 1923">
    <p class='ocr_par' dir='ltr' id='par_1_7' title="bbox 471 1727 1927 1923">
     <span class='ocr_line' id='line_1_15' title="bbox 472 1727 1926 1829; baseline -0.006 -16"><span class='ocrx_word' id='word_1_88' title='bbox 472 1736 552 1813; x_wconf 83' lang='lat' dir='ltr'>mili.</span> <span class='ocrx_word' id='word_1_89' title='bbox 576 1742 675 1811; x_wconf 84' lang='lat' dir='ltr'>Facile</span> <span class='ocrx_word' id='word_1_90' title='bbox 684 1734 855 1808; x_wconf 75' lang='lat' dir='ltr'>feretistam</span> <span class='ocrx_word' id='word_1_91' title='bbox 870 1758 990 1803; x_wconf 88' lang='lat' dir='ltr'>moram</span> <span class='ocrx_word' id='word_1_92' title='bbox 1004 1735 1147 1824; x_wconf 78' lang='lat' dir='ltr'>Princeps</span> <span class='ocrx_word' id='word_1_93' title='bbox 1164 1733 1266 1813; x_wconf 83' lang='lat' dir='ltr'>Pater,</span> <span class='ocrx_word' id='word_1_94' title='bbox 1289 1727 1581 1829; x_wconf 77' lang='lat' dir='ltr'>srintereaquemlta</span> <span class='ocrx_word' id='word_1_95' title='bbox 1620 1737 1787 1809; x_wconf 84' lang='lat' dir='ltr'>sLatinum</span> <span class='ocrx_word' id='word_1_96' title='bbox 1847 1768 1850 1777; x_wconf 25' lang='grc' dir='ltr'><strong>Α</strong></span> <span class='ocrx_word' id='word_1_97' title='bbox 1925 1728 1926 1737; x_wconf 63' lang='grc'>’</span> 
     </span>
     <span class='ocr_line' id='line_1_16' title="bbox 471 1821 1927 1923; baseline -0.01 -13"><span class='ocrx_word' id='word_1_98' title='bbox 471 1837 584 1910; x_wconf 82' lang='lat' dir='ltr'>librum</span> <span class='ocrx_word' id='word_1_99' title='bbox 604 1832 801 1919; x_wconf 72' lang='lat' dir='ltr'>confedbum,</span> <span class='ocrx_word' id='word_1_100' title='bbox 824 1831 904 1901; x_wconf 78' lang='lat' dir='ltr'>Fffio</span> <span class='ocrx_word' id='word_1_101' title='bbox 917 1828 1048 1900; x_wconf 83' lang='lat' dir='ltr'>dedices.</span> <span class='ocrx_word' id='word_1_102' title='bbox 1071 1823 1168 1923; x_wconf 74' lang='lat' dir='ltr'>Qiod</span> <span class='ocrx_word' id='word_1_103' title='bbox 1181 1842 1216 1892; x_wconf 92' lang='lat' dir='ltr'>ut</span> <span class='ocrx_word' id='word_1_104' title='bbox 1225 1821 1334 1912; x_wconf 74' lang='lat' dir='ltr'>facias,</span> <span class='ocrx_word' id='word_1_105' title='bbox 1355 1834 1388 1897; x_wconf 73' lang='grc' dir='ltr'>ἃ</span> <span class='ocrx_word' id='word_1_106' title='bbox 1402 1823 1501 1897; x_wconf 80' lang='lat' dir='ltr'>statim</span> <span class='ocrx_word' id='word_1_107' title='bbox 1524 1824 1613 1898; x_wconf 72' lang='lat' dir='ltr'>facias</span> <span class='ocrx_word' id='word_1_108' title='bbox 1625 1830 1790 1906; x_wconf 83' lang='lat' dir='ltr'>confilium</span> <span class='ocrx_word' id='word_1_109' title='bbox 1926 1826 1927 1845; x_wconf 62' lang='lat'>¹</span> 
     </span>
    </p>
   </div>
   <div class='ocr_carea' id='block_1_7' title="bbox 376 1920 1808 4518">
    <p class='ocr_par' dir='ltr' id='par_1_8' title="bbox 376 1920 1808 4518">
     <span class='ocr_line' id='line_1_17' title="bbox 473 1920 1789 2021; baseline -0.007 -15"><span class='ocrx_word' id='word_1_110' title='bbox 473 1930 644 2006; x_wconf 73' lang='lat' dir='ltr'>meurnest</span> <span class='ocrx_word' id='word_1_111' title='bbox 690 1925 1072 2009; x_wconf 81' lang='lat' dir='ltr'>Necteabeodeteneat,</span> <span class='ocrx_word' id='word_1_112' title='bbox 1096 1920 1560 2021; x_wconf 80' lang='lat' dir='ltr'>quodeummihipollicitussu.</span> <span class='ocrx_word' id='word_1_113' title='bbox 1609 1926 1789 2002; x_wconf 71' lang='lat' dir='ltr'>Libenriffi·</span> 
     </span>
     <span class='ocr_line' id='line_1_18' title="bbox 474 2018 1789 2122; baseline -0.008 -19"><span class='ocrx_word' id='word_1_114' title='bbox 474 2018 1134 2122; x_wconf 77' lang='lat' dir='ltr'>meenimomnimeO‚ltquodtamenell,</span> <span class='ocrx_word' id='word_1_115' title='bbox 1155 2025 1234 2107; x_wconf 89' lang='lat' dir='ltr'>jure,</span> <span class='ocrx_word' id='word_1_116' title='bbox 1259 2019 1580 2119; x_wconf 76' lang='lat' dir='ltr'>intuigmtirmcedoz</span> <span class='ocrx_word' id='word_1_117' title='bbox 1603 2022 1789 2098; x_wconf 77' lang='lat' dir='ltr'>&amp;stneeess‘e</span> 
     </span>
     <span class='ocr_line' id='line_1_19' title="bbox 473 2116 1788 2237; baseline -0.003 -39"><span class='ocrx_word' id='word_1_118' title='bbox 473 2124 536 2213; x_wconf 85' lang='lat' dir='ltr'>est,</span> <span class='ocrx_word' id='word_1_119' title='bbox 560 2124 679 2196; x_wconf 82' lang='lat' dir='ltr'>abunde</span> <span class='ocrx_word' id='word_1_120' title='bbox 686 2121 824 2237; x_wconf 87' lang='lat' dir='ltr'>suppetet</span> <span class='ocrx_word' id='word_1_121' title='bbox 831 2120 951 2191; x_wconf 76' lang='lat' dir='ltr'>aliunde</span> <span class='ocrx_word' id='word_1_122' title='bbox 964 2116 1042 2205; x_wconf 87' lang='lat' dir='ltr'>tibi,</span> <span class='ocrx_word' id='word_1_123' title='bbox 1056 2142 1122 2214; x_wconf 94' lang='lat' dir='ltr'>quo</span> <span class='ocrx_word' id='word_1_124' title='bbox 1130 2117 1458 2188; x_wconf 80' lang='lat' dir='ltr'>immerentemmetali</span> <span class='ocrx_word' id='word_1_125' title='bbox 1486 2119 1660 2217; x_wconf 79' lang='lat' dir='ltr'>loriapollrs</span> <span class='ocrx_word' id='word_1_126' title='bbox 1672 2146 1788 2194; x_wconf 81' lang='lat' dir='ltr'>ornare.</span> 
     </span>
     <span class='ocr_line' id='line_1_20' title="bbox 477 2210 1793 2318; baseline -0.003 -24"><span class='ocrx_word' id='word_1_127' title='bbox 477 2219 644 2294; x_wconf 86' lang='lat' dir='ltr'>Trimestri</span> <span class='ocrx_word' id='word_1_128' title='bbox 658 2219 754 2318; x_wconf 83' lang='lat' dir='ltr'>spano</span> <span class='ocrx_word' id='word_1_129' title='bbox 766 2242 854 2316; x_wconf 89' lang='lat' dir='ltr'>potes</span> <span class='ocrx_word' id='word_1_130' title='bbox 867 2215 922 2286; x_wconf 84' lang='lat' dir='ltr'>illa</span> <span class='ocrx_word' id='word_1_131' title='bbox 934 2217 1041 2286; x_wconf 83' lang='lat' dir='ltr'>omnia</span> <span class='ocrx_word' id='word_1_132' title='bbox 1054 2210 1225 2295; x_wconf 85' lang='lat' dir='ltr'>conficere,</span> <span class='ocrx_word' id='word_1_133' title='bbox 1247 2212 1323 2282; x_wconf 85' lang='lat' dir='ltr'>adeo</span> <span class='ocrx_word' id='word_1_134' title='bbox 1338 2236 1374 2283; x_wconf 94' lang='lat' dir='ltr'>ut</span> <span class='ocrx_word' id='word_1_135' title='bbox 1386 2213 1442 2284; x_wconf 83' lang='lat' dir='ltr'>srm</span> <span class='ocrx_word' id='word_1_136' title='bbox 1495 2213 1575 2287; x_wconf 79' lang='lat' dir='ltr'>ferne</span> <span class='ocrx_word' id='word_1_137' title='bbox 1609 2243 1648 2287; x_wconf 86' lang='lat' dir='ltr'>ue</span> <span class='ocrx_word' id='word_1_138' title='bbox 1658 2241 1793 2317; x_wconf 84' lang='lat' dir='ltr'>quatuor</span> 
     </span>
     <span class='ocr_line' id='line_1_21' title="bbox 428 2310 1789 2480; baseline -0.002 -90"><span class='ocrx_word' id='word_1_139' title='bbox 428 2390 431 2399; x_wconf 20' lang='grc' dir='ltr'><strong><em>Δ</em></strong></span> <span class='ocrx_word' id='word_1_140' title='bbox 473 2340 527 2390; x_wconf 81' lang='lat' dir='ltr'>tua</span> <span class='ocrx_word' id='word_1_141' title='bbox 541 2343 633 2415; x_wconf 83' lang='lat' dir='ltr'>opera</span> <span class='ocrx_word' id='word_1_142' title='bbox 644 2317 766 2414; x_wconf 88' lang='lat' dir='ltr'>prodire</span> <span class='ocrx_word' id='word_1_143' title='bbox 778 2311 893 2412; x_wconf 84' lang='lat' dir='ltr'>polsmt</span> <span class='ocrx_word' id='word_1_144' title='bbox 903 2312 1070 2384; x_wconf 87' lang='lat' dir='ltr'>Gulielmo</span> <span class='ocrx_word' id='word_1_145' title='bbox 1079 2310 1233 2405; x_wconf 84' lang='lat' dir='ltr'>Principi,</span> <span class='ocrx_word' id='word_1_146' title='bbox 1257 2310 1458 2382; x_wconf 84' lang='lat' dir='ltr'>Cumtoribus</span> <span class='ocrx_word' id='word_1_147' title='bbox 1473 2312 1595 2480; x_wconf 54' lang='lat' dir='ltr'>Lrpgen</span> <span class='ocrx_word' id='word_1_148' title='bbox 1608 2313 1694 2401; x_wconf 81' lang='lat' dir='ltr'>rbus,</span> <span class='ocrx_word' id='word_1_149' title='bbox 1707 2322 1789 2388; x_wconf 76' lang='lat' dir='ltr'>,Au-</span> 
     </span>
     <span class='ocr_line' id='line_1_22' title="bbox 476 2405 1790 2492; baseline -0.002 -5"><span class='ocrx_word' id='word_1_150' title='bbox 476 2416 604 2488; x_wconf 80' lang='lat' dir='ltr'>domato</span> <span class='ocrx_word' id='word_1_151' title='bbox 620 2415 730 2484; x_wconf 78' lang='lat' dir='ltr'>Talaeo</span> <span class='ocrx_word' id='word_1_152' title='bbox 744 2420 776 2482; x_wconf 79' lang='lat' dir='ltr'>dt</span> <span class='ocrx_word' id='word_1_153' title='bbox 793 2414 936 2483; x_wconf 85' lang='lat' dir='ltr'>Puteanis</span> <span class='ocrx_word' id='word_1_154' title='bbox 955 2405 1230 2492; x_wconf 81' lang='lat' dir='ltr'>fratribusdicata,</span> <span class='ocrx_word' id='word_1_155' title='bbox 1261 2429 1296 2476; x_wconf 89' lang='lat' dir='ltr'>ut</span> <span class='ocrx_word' id='word_1_156' title='bbox 1312 2410 1449 2478; x_wconf 77' lang='lat' dir='ltr'>certatim</span> <span class='ocrx_word' id='word_1_157' title='bbox 1459 2412 1513 2480; x_wconf 83' lang='lat' dir='ltr'>alla</span> <span class='ocrx_word' id='word_1_158' title='bbox 1558 2433 1745 2485; x_wconf 82' lang='lat' dir='ltr'>rentomnes</span> <span class='ocrx_word' id='word_1_159' title='bbox 1757 2436 1790 2486; x_wconf 89' lang='lat' dir='ltr'>te</span> 
     </span>
     <span class='ocr_line' id='line_1_23' title="bbox 476 2501 1790 2612; baseline -0.002 -28"><span class='ocrx_word' id='word_1_160' title='bbox 476 2508 711 2612; x_wconf 86' lang='lat' dir='ltr'>quibuscunque</span> <span class='ocrx_word' id='word_1_161' title='bbox 724 2506 834 2581; x_wconf 88' lang='lat' dir='ltr'>officiis</span> <span class='ocrx_word' id='word_1_162' title='bbox 844 2505 904 2578; x_wconf 87' lang='lat' dir='ltr'>luis</span> <span class='ocrx_word' id='word_1_163' title='bbox 915 2508 1092 2605; x_wconf 88' lang='lat' dir='ltr'>promereri.</span> <span class='ocrx_word' id='word_1_164' title='bbox 1141 2501 1790 2608; x_wconf 74' lang='lat' dir='ltr'>Hzcestmealententia,quamfitibipro-</span> 
     </span>
     <span class='ocr_line' id='line_1_24' title="bbox 475 2597 1793 2701; baseline -0.002 -20"><span class='ocrx_word' id='word_1_165' title='bbox 475 2609 543 2681; x_wconf 84' lang='lat' dir='ltr'>bari</span> <span class='ocrx_word' id='word_1_166' title='bbox 559 2609 754 2695; x_wconf 80' lang='lat' dir='ltr'>intellexere,</span> <span class='ocrx_word' id='word_1_167' title='bbox 776 2628 844 2677; x_wconf 87' lang='lat' dir='ltr'>turn</span> <span class='ocrx_word' id='word_1_168' title='bbox 857 2632 909 2676; x_wconf 88' lang='lat' dir='ltr'>me</span> <span class='ocrx_word' id='word_1_169' title='bbox 923 2606 1081 2701; x_wconf 88' lang='lat' dir='ltr'>optimum</span> <span class='ocrx_word' id='word_1_170' title='bbox 1094 2597 1182 2671; x_wconf 81' lang='lat' dir='ltr'>fuiffe</span> <span class='ocrx_word' id='word_1_171' title='bbox 1195 2598 1399 2673; x_wconf 87' lang='lat' dir='ltr'>consultorem</span> <span class='ocrx_word' id='word_1_172' title='bbox 1411 2601 1574 2699; x_wconf 77' lang='lat' dir='ltr'>gloriabor.</span> <span class='ocrx_word' id='word_1_173' title='bbox 1621 2607 1793 2681; x_wconf 80' lang='lat' dir='ltr'>Necvideu</span> 
     </span>
     <span class='ocr_line' id='line_1_25' title="bbox 477 2696 1793 2807; baseline -0.006 -30"><span class='ocrx_word' id='word_1_174' title='bbox 477 2701 827 2807; x_wconf 80' lang='lat' dir='ltr'>quidopponerepollis.</span> <span class='ocrx_word' id='word_1_175' title='bbox 869 2704 1032 2774; x_wconf 83' lang='lat' dir='ltr'>Siveenim</span> <span class='ocrx_word' id='word_1_176' title='bbox 1040 2696 1126 2770; x_wconf 87' lang='lat' dir='ltr'>isthic</span> <span class='ocrx_word' id='word_1_177' title='bbox 1136 2723 1231 2794; x_wconf 88' lang='lat' dir='ltr'>porro</span> <span class='ocrx_word' id='word_1_178' title='bbox 1238 2697 1344 2795; x_wconf 78' lang='lat' dir='ltr'>degas,</span> <span class='ocrx_word' id='word_1_179' title='bbox 1369 2698 1599 2774; x_wconf 76' lang='lat' dir='ltr'>siveindeexeas</span> <span class='ocrx_word' id='word_1_180' title='bbox 1612 2707 1650 2778; x_wconf 67' lang='grc' dir='ltr'>οἷς</span> <span class='ocrx_word' id='word_1_181' title='bbox 1663 2704 1793 2799; x_wconf 53' lang='lat' dir='ltr'>«ipsiu,</span> 
     </span>
     <span class='ocr_line' id='line_1_26' title="bbox 479 2797 1792 2877; baseline 0 -1"><span class='ocrx_word' id='word_1_182' title='bbox 479 2807 632 2877; x_wconf 84' lang='lat' dir='ltr'>Primatus</span> <span class='ocrx_word' id='word_1_183' title='bbox 645 2824 714 2873; x_wconf 87' lang='lat' dir='ltr'>tuus</span> <span class='ocrx_word' id='word_1_184' title='bbox 734 2799 939 2872; x_wconf 83' lang='lat' dir='ltr'>excludendus</span> <span class='ocrx_word' id='word_1_185' title='bbox 958 2797 1004 2868; x_wconf 88' lang='lat' dir='ltr'>est</span> <span class='ocrx_word' id='word_1_186' title='bbox 1016 2797 1098 2867; x_wconf 87' lang='lat' dir='ltr'>foras</span> <span class='ocrx_word' id='word_1_187' title='bbox 1113 2800 1147 2862; x_wconf 75' lang='grc' dir='ltr'>δι</span> <span class='ocrx_word' id='word_1_188' title='bbox 1168 2797 1378 2866; x_wconf 78' lang='lat' dir='ltr'>eliminandus.</span> <span class='ocrx_word' id='word_1_189' title='bbox 1428 2802 1460 2868; x_wconf 87' lang='lat' dir='ltr'>Si</span> <span class='ocrx_word' id='word_1_190' title='bbox 1480 2819 1599 2871; x_wconf 79' lang='lat' dir='ltr'>tantum</span> <span class='ocrx_word' id='word_1_191' title='bbox 1614 2799 1792 2876; x_wconf 85' lang='lat' dir='ltr'>hominibus</span> 
     </span>
     <span class='ocr_line' id='line_1_27' title="bbox 482 2889 1793 2996; baseline 0.002 -26"><span class='ocrx_word' id='word_1_192' title='bbox 482 2896 841 2983; x_wconf 79' lang='lat' dir='ltr'>nollrislibrosdedices,</span> <span class='ocrx_word' id='word_1_193' title='bbox 865 2899 978 2965; x_wconf 87' lang='lat' dir='ltr'>merito</span> <span class='ocrx_word' id='word_1_194' title='bbox 1005 2889 1793 2996; x_wconf 76' lang='lat' dir='ltr'>ueritabunturssatavi,scatesusquedequelraberi,</span> 
     </span>
     <span class='ocr_line' id='line_1_28' title="bbox 479 2922 1798 3097; baseline 0.001 -30"><span class='ocrx_word' id='word_1_195' title='bbox 479 2999 537 3097; x_wconf 91' lang='lat' dir='ltr'>qui</span> <span class='ocrx_word' id='word_1_196' title='bbox 548 3016 650 3068; x_wconf 87' lang='lat' dir='ltr'>totum</span> <span class='ocrx_word' id='word_1_197' title='bbox 665 2994 848 3065; x_wconf 87' lang='lat' dir='ltr'>decennium</span> <span class='ocrx_word' id='word_1_198' title='bbox 860 3018 879 3062; x_wconf 86' lang='lat' dir='ltr'>a</span> <span class='ocrx_word' id='word_1_199' title='bbox 893 3011 923 3062; x_wconf 87' lang='lat' dir='ltr'>te</span> <span class='ocrx_word' id='word_1_200' title='bbox 935 2922 1066 3088; x_wconf 65' lang='lat' dir='ltr'>negiedti</span> <span class='ocrx_word' id='word_1_201' title='bbox 1077 2986 1157 3057; x_wconf 83' lang='lat' dir='ltr'>lunt.</span> <span class='ocrx_word' id='word_1_202' title='bbox 1188 2985 1307 3059; x_wconf 74' lang='lat' dir='ltr'>Pollem</span> <span class='ocrx_word' id='word_1_203' title='bbox 1321 2993 1405 3087; x_wconf 84' lang='lat' dir='ltr'>plura</span> <span class='ocrx_word' id='word_1_204' title='bbox 1418 2990 1519 3062; x_wconf 87' lang='lat' dir='ltr'>hacde</span> <span class='ocrx_word' id='word_1_205' title='bbox 1533 3018 1583 3079; x_wconf 88' lang='lat' dir='ltr'>re,</span> <span class='ocrx_word' id='word_1_206' title='bbox 1606 3019 1699 3093; x_wconf 80' lang='lat' dir='ltr'>quam</span> <span class='ocrx_word' id='word_1_207' title='bbox 1715 2999 1798 3068; x_wconf 82' lang='lat' dir='ltr'>mrlo</span> 
     </span>
     <span class='ocr_line' id='line_1_29' title="bbox 505 3081 1789 3185; baseline -0.002 -21"><span class='ocrx_word' id='word_1_208' title='bbox 505 3096 625 3164; x_wconf 83' lang='lat' dir='ltr'>rivatim</span> <span class='ocrx_word' id='word_1_209' title='bbox 637 3090 695 3161; x_wconf 87' lang='lat' dir='ltr'>tibi</span> <span class='ocrx_word' id='word_1_210' title='bbox 710 3088 940 3161; x_wconf 71' lang='lat' dir='ltr'>examinandam</span> <span class='ocrx_word' id='word_1_211' title='bbox 954 3090 1124 3184; x_wconf 88' lang='lat' dir='ltr'>relinquere</span> <span class='ocrx_word' id='word_1_212' title='bbox 1139 3138 1149 3169; x_wconf 91' lang='lat'>‚</span> <span class='ocrx_word' id='word_1_213' title='bbox 1182 3081 1306 3155; x_wconf 84' lang='lat' dir='ltr'>ursolus</span> <span class='ocrx_word' id='word_1_214' title='bbox 1320 3088 1395 3185; x_wconf 91' lang='lat' dir='ltr'>quid</span> <span class='ocrx_word' id='word_1_215' title='bbox 1410 3091 1518 3159; x_wconf 89' lang='lat' dir='ltr'>melius</span> <span class='ocrx_word' id='word_1_216' title='bbox 1529 3086 1622 3161; x_wconf 84' lang='lat' dir='ltr'>fuerit</span> <span class='ocrx_word' id='word_1_217' title='bbox 1641 3092 1789 3164; x_wconf 67' lang='lat' dir='ltr'>decernes.</span> 
     </span>
     <span class='ocr_line' id='line_1_30' title="bbox 481 3121 1796 3273; baseline 0.001 -13"><span class='ocrx_word' id='word_1_218' title='bbox 481 3121 694 3260; x_wconf 68' lang='lat' dir='ltr'>ilolicredere</span> <span class='ocrx_word' id='word_1_219' title='bbox 710 3185 772 3256; x_wconf 67' lang='lat' dir='ltr'>hec</span> <span class='ocrx_word' id='word_1_220' title='bbox 780 3189 887 3257; x_wconf 85' lang='lat' dir='ltr'>omnia</span> <span class='ocrx_word' id='word_1_221' title='bbox 900 3212 954 3257; x_wconf 90' lang='lat' dir='ltr'>me</span> <span class='ocrx_word' id='word_1_222' title='bbox 962 3189 1084 3270; x_wconf 81' lang='lat' dir='ltr'>inter&amp;</span> <span class='ocrx_word' id='word_1_223' title='bbox 1096 3179 1261 3273; x_wconf 80' lang='lat' dir='ltr'>Justellum</span> <span class='ocrx_word' id='word_1_224' title='bbox 1273 3184 1315 3253; x_wconf 85' lang='lat' dir='ltr'>ita</span> <span class='ocrx_word' id='word_1_225' title='bbox 1332 3183 1389 3255; x_wconf 85' lang='lat' dir='ltr'>esse</span> <span class='ocrx_word' id='word_1_226' title='bbox 1403 3181 1563 3256; x_wconf 71' lang='lat' dir='ltr'>disculli&amp;</span> <span class='ocrx_word' id='word_1_227' title='bbox 1592 3209 1739 3261; x_wconf 79' lang='lat' dir='ltr'>enetrata:</span> <span class='ocrx_word' id='word_1_228' title='bbox 1763 3191 1796 3260; x_wconf 88' lang='lat' dir='ltr'>iu</span> 
     </span>
     <span class='ocr_line' id='line_1_31' title="bbox 480 3211 1794 3385; baseline -0.002 -27"><span class='ocrx_word' id='word_1_229' title='bbox 480 3290 591 3358; x_wconf 84' lang='lat' dir='ltr'>limine</span> <span class='ocrx_word' id='word_1_230' title='bbox 603 3281 751 3354; x_wconf 76' lang='lat' dir='ltr'>haesmus.</span> <span class='ocrx_word' id='word_1_231' title='bbox 800 3292 846 3354; x_wconf 83' lang='lat' dir='ltr'>Ita</span> <span class='ocrx_word' id='word_1_232' title='bbox 868 3309 907 3352; x_wconf 89' lang='lat' dir='ltr'>ue</span> <span class='ocrx_word' id='word_1_233' title='bbox 917 3303 982 3353; x_wconf 82' lang='lat' dir='ltr'>tota</span> <span class='ocrx_word' id='word_1_234' title='bbox 990 3308 1037 3352; x_wconf 89' lang='lat' dir='ltr'>res</span> <span class='ocrx_word' id='word_1_235' title='bbox 1051 3276 1095 3348; x_wconf 84' lang='lat' dir='ltr'>est</span> <span class='ocrx_word' id='word_1_236' title='bbox 1108 3278 1294 3366; x_wconf 84' lang='lat' dir='ltr'>arbitriitui,</span> <span class='ocrx_word' id='word_1_237' title='bbox 1319 3307 1413 3378; x_wconf 85' lang='lat' dir='ltr'>quam</span> <span class='ocrx_word' id='word_1_238' title='bbox 1427 3284 1483 3352; x_wconf 89' lang='lat' dir='ltr'>uni</span> <span class='ocrx_word' id='word_1_239' title='bbox 1495 3281 1553 3352; x_wconf 88' lang='lat' dir='ltr'>tibi</span> <span class='ocrx_word' id='word_1_240' title='bbox 1566 3211 1659 3355; x_wconf 77' lang='lat' dir='ltr'>lodie</span> <span class='ocrx_word' id='word_1_241' title='bbox 1681 3312 1794 3385; x_wconf 87' lang='lat' dir='ltr'>propo-</span> 
     </span>
     <span class='ocr_line' id='line_1_32' title="bbox 485 3309 1795 3483; baseline 0 -27"><span class='ocrx_word' id='word_1_242' title='bbox 485 3410 547 3469; x_wconf 91' lang='lat' dir='ltr'>no,</span> <span class='ocrx_word' id='word_1_243' title='bbox 572 3309 1104 3451; x_wconf 77' lang='lat' dir='ltr'>&amp;meaesententiaelatscioaccedes.</span> <span class='ocrx_word' id='word_1_244' title='bbox 1154 3376 1337 3474; x_wconf 79' lang='lat' dir='ltr'>Videquam</span> <span class='ocrx_word' id='word_1_245' title='bbox 1352 3377 1552 3450; x_wconf 85' lang='lat' dir='ltr'>confidenter.</span> <span class='ocrx_word' id='word_1_246' title='bbox 1604 3381 1795 3483; x_wconf 88' lang='lat' dir='ltr'>Certequid·</span> 
     </span>
     <span class='ocr_line' id='line_1_33' title="bbox 481 3474 1796 3579; baseline 0.001 -28"><span class='ocrx_word' id='word_1_247' title='bbox 481 3480 564 3579; x_wconf 90' lang='lat' dir='ltr'>quid</span> <span class='ocrx_word' id='word_1_248' title='bbox 576 3480 765 3576; x_wconf 64' lang='lat' dir='ltr'>prutexueris</span> <span class='ocrx_word' id='word_1_249' title='bbox 779 3482 813 3548; x_wconf 89' lang='lat' dir='ltr'>in</span> <span class='ocrx_word' id='word_1_250' title='bbox 826 3479 1036 3560; x_wconf 79' lang='lat' dir='ltr'>eontrarium,</span> <span class='ocrx_word' id='word_1_251' title='bbox 1065 3499 1132 3543; x_wconf 93' lang='lat' dir='ltr'>non</span> <span class='ocrx_word' id='word_1_252' title='bbox 1154 3474 1313 3544; x_wconf 73' lang='lat' dir='ltr'>admittere</span> <span class='ocrx_word' id='word_1_253' title='bbox 1331 3497 1449 3547; x_wconf 87' lang='lat' dir='ltr'>certum</span> <span class='ocrx_word' id='word_1_254' title='bbox 1463 3475 1515 3546; x_wconf 88' lang='lat' dir='ltr'>est.</span> <span class='ocrx_word' id='word_1_255' title='bbox 1564 3478 1739 3551; x_wconf 78' lang='lat' dir='ltr'>Certiffima</span> <span class='ocrx_word' id='word_1_256' title='bbox 1754 3478 1796 3552; x_wconf 86' lang='lat' dir='ltr'>est</span> 
     </span>
     <span class='ocr_line' id='line_1_34' title="bbox 480 3569 1798 3736; baseline 0 -91"><span class='ocrx_word' id='word_1_257' title='bbox 480 3577 718 3648; x_wconf 76' lang='lat' dir='ltr'>tuaemendntio</span> <span class='ocrx_word' id='word_1_258' title='bbox 732 3576 844 3645; x_wconf 90' lang='lat' dir='ltr'>inloco</span> <span class='ocrx_word' id='word_1_259' title='bbox 861 3569 1088 3669; x_wconf 78' lang='lat' dir='ltr'>Chrylostomi,</span> <span class='ocrx_word' id='word_1_260' title='bbox 1113 3572 1169 3669; x_wconf 90' lang='lat' dir='ltr'>qui</span> <span class='ocrx_word' id='word_1_261' title='bbox 1183 3577 1243 3660; x_wconf 80' lang='lat' dir='ltr'>jam</span> <span class='ocrx_word' id='word_1_262' title='bbox 1259 3573 1378 3736; x_wconf 53' lang='lat' dir='ltr'>optime</span> <span class='ocrx_word' id='word_1_263' title='bbox 1392 3574 1586 3671; x_wconf 83' lang='lat' dir='ltr'>intelligitur,</span> <span class='ocrx_word' id='word_1_264' title='bbox 1611 3577 1740 3647; x_wconf 70' lang='lat' dir='ltr'>levicula</span> <span class='ocrx_word' id='word_1_265' title='bbox 1751 3579 1798 3647; x_wconf 79' lang='lat' dir='ltr'>illa</span> 
     </span>
     <span class='ocr_line' id='line_1_35' title="bbox 486 3668 1798 3770; baseline -0.004 -25"><span class='ocrx_word' id='word_1_266' title='bbox 486 3676 675 3759; x_wconf 83' lang='lat' dir='ltr'>mutatione,</span> <span class='ocrx_word' id='word_1_267' title='bbox 698 3668 942 3770; x_wconf 82' lang='lat' dir='ltr'>quamfecilliex</span> <span class='ocrx_word' id='word_1_268' title='bbox 958 3668 1253 3763; x_wconf 74' lang='lat' dir='ltr'>audioritateoptinti</span> <span class='ocrx_word' id='word_1_269' title='bbox 1303 3669 1430 3756; x_wconf 82' lang='lat' dir='ltr'>lollarii,</span> <span class='ocrx_word' id='word_1_270' title='bbox 1453 3691 1514 3739; x_wconf 86' lang='lat' dir='ltr'>ate</span> <span class='ocrx_word' id='word_1_271' title='bbox 1522 3671 1798 3766; x_wconf 83' lang='lat' dir='ltr'>itidememendati.</span> 
     </span>
     <span class='ocr_line' id='line_1_36' title="bbox 489 3761 1800 3868; baseline 0.003 -31"><span class='ocrx_word' id='word_1_272' title='bbox 489 3767 684 3864; x_wconf 79' lang='lat' dir='ltr'>Nihilmagis</span> <span class='ocrx_word' id='word_1_273' title='bbox 695 3766 831 3864; x_wconf 72' lang='lat' dir='ltr'>apposite</span> <span class='ocrx_word' id='word_1_274' title='bbox 843 3766 908 3837; x_wconf 85' lang='lat' dir='ltr'>dici</span> <span class='ocrx_word' id='word_1_275' title='bbox 921 3767 1040 3864; x_wconf 87' lang='lat' dir='ltr'>potuit,</span> <span class='ocrx_word' id='word_1_276' title='bbox 1066 3765 1104 3836; x_wconf 85' lang='lat' dir='ltr'>ad</span> <span class='ocrx_word' id='word_1_277' title='bbox 1113 3761 1285 3840; x_wconf 73' lang='lat' dir='ltr'>sundliffimi</span> <span class='ocrx_word' id='word_1_278' title='bbox 1295 3767 1390 3836; x_wconf 86' lang='lat' dir='ltr'>Patris</span> <span class='ocrx_word' id='word_1_279' title='bbox 1405 3788 1551 3837; x_wconf 87' lang='lat' dir='ltr'>mentem.</span> <span class='ocrx_word' id='word_1_280' title='bbox 1600 3771 1692 3839; x_wconf 84' lang='lat' dir='ltr'>Tuus</span> <span class='ocrx_word' id='word_1_281' title='bbox 1699 3772 1800 3868; x_wconf 71' lang='lat' dir='ltr'>itaque</span> 
     </span>
     <span class='ocr_line' id='line_1_37' title="bbox 487 3861 1802 3961; baseline 0.002 -26"><span class='ocrx_word' id='word_1_282' title='bbox 487 3863 589 3936; x_wconf 72' lang='lat' dir='ltr'>vietor</span> <span class='ocrx_word' id='word_1_283' title='bbox 608 3869 797 3958; x_wconf 60' lang='grc' dir='ltr'>ῥιωμσμός,</span> <span class='ocrx_word' id='word_1_284' title='bbox 822 3868 874 3935; x_wconf 87' lang='lat' dir='ltr'>cui</span> <span class='ocrx_word' id='word_1_285' title='bbox 888 3865 974 3935; x_wconf 76' lang='lat' dir='ltr'>cedat</span> <span class='ocrx_word' id='word_1_286' title='bbox 986 3865 1059 3933; x_wconf 79' lang='lat' dir='ltr'>alter</span> <span class='ocrx_word' id='word_1_287' title='bbox 1081 3861 1243 3951; x_wconf 61' lang='lat' dir='ltr'>erumpis.</span> <span class='ocrx_word' id='word_1_288' title='bbox 1267 3865 1345 3958; x_wconf 83' lang='lat' dir='ltr'>Ago</span> <span class='ocrx_word' id='word_1_289' title='bbox 1362 3866 1485 3960; x_wconf 74' lang='lat' dir='ltr'>gratias,</span> <span class='ocrx_word' id='word_1_290' title='bbox 1506 3864 1594 3961; x_wconf 88' lang='lat' dir='ltr'>quod</span> <span class='ocrx_word' id='word_1_291' title='bbox 1609 3891 1660 3935; x_wconf 86' lang='lat' dir='ltr'>me</span> <span class='ocrx_word' id='word_1_292' title='bbox 1674 3864 1736 3937; x_wconf 89' lang='lat' dir='ltr'>hoc</span> <span class='ocrx_word' id='word_1_293' title='bbox 1753 3872 1802 3937; x_wconf 89' lang='lat' dir='ltr'>in-</span> 
     </span>
     <span class='ocr_line' id='line_1_38' title="bbox 376 3957 1801 4061; baseline 0 -29"><span class='ocrx_word' id='word_1_294' title='bbox 376 3962 381 3971; x_wconf 81' lang='grc'>’</span> <span class='ocrx_word' id='word_1_295' title='bbox 488 3958 721 4032; x_wconf 79' lang='lat' dir='ltr'>terinfinitaalia</span> <span class='ocrx_word' id='word_1_296' title='bbox 731 3960 878 4031; x_wconf 85' lang='lat' dir='ltr'>docueris.</span> <span class='ocrx_word' id='word_1_297' title='bbox 904 3964 958 4031; x_wconf 93' lang='lat' dir='ltr'>De</span> <span class='ocrx_word' id='word_1_298' title='bbox 973 3958 1167 4043; x_wconf 76' lang='lat' dir='ltr'>TetrarchiS,</span> <span class='ocrx_word' id='word_1_299' title='bbox 1203 3957 1529 4055; x_wconf 75' lang='lat' dir='ltr'>uamhrbesparatam,</span> <span class='ocrx_word' id='word_1_300' title='bbox 1543 3960 1801 4061; x_wconf 74' lang='lat' dir='ltr'>Diatribamquid</span> 
     </span>
     <span class='ocr_line' id='line_1_39' title="bbox 491 3983 1802 4171; baseline 0.002 -42"><span class='ocrx_word' id='word_1_301' title='bbox 491 4058 643 4160; x_wconf 81' lang='lat' dir='ltr'>publicare</span> <span class='ocrx_word' id='word_1_302' title='bbox 650 4051 748 4128; x_wconf 74' lang='lat' dir='ltr'>vetat?</span> <span class='ocrx_word' id='word_1_303' title='bbox 772 4055 1036 4140; x_wconf 79' lang='lat' dir='ltr'>Tuaillaomnia,</span> <span class='ocrx_word' id='word_1_304' title='bbox 1055 3983 1326 4153; x_wconf 53' lang='lat' dir='ltr'>quaeadicripturae</span> <span class='ocrx_word' id='word_1_305' title='bbox 1338 4052 1423 4126; x_wconf 59' lang='lat' dir='ltr'>lactu</span> <span class='ocrx_word' id='word_1_306' title='bbox 1432 4053 1661 4128; x_wconf 67' lang='lat' dir='ltr'>illullrdtionem</span> <span class='ocrx_word' id='word_1_307' title='bbox 1669 4057 1802 4171; x_wconf 85' lang='lat' dir='ltr'>quomo-</span> 
     </span>
     <span class='ocr_line' id='line_1_40' title="bbox 491 4152 1801 4251; baseline -0.002 -23"><span class='ocrx_word' id='word_1_308' title='bbox 491 4157 665 4251; x_wconf 80' lang='lat' dir='ltr'>documque</span> <span class='ocrx_word' id='word_1_309' title='bbox 681 4152 831 4251; x_wconf 71' lang='lat' dir='ltr'>spedlant,</span> <span class='ocrx_word' id='word_1_310' title='bbox 855 4152 972 4251; x_wconf 87' lang='lat' dir='ltr'>semper</span> <span class='ocrx_word' id='word_1_311' title='bbox 985 4158 1092 4250; x_wconf 85' lang='lat' dir='ltr'>pronis</span> <span class='ocrx_word' id='word_1_312' title='bbox 1102 4152 1211 4222; x_wconf 84' lang='lat' dir='ltr'>animis</span> <span class='ocrx_word' id='word_1_313' title='bbox 1223 4153 1418 4250; x_wconf 79' lang='lat' dir='ltr'>accipientur.</span> <span class='ocrx_word' id='word_1_314' title='bbox 1468 4155 1566 4251; x_wconf 82' lang='lat' dir='ltr'>Qud</span> <span class='ocrx_word' id='word_1_315' title='bbox 1580 4157 1801 4230; x_wconf 76' lang='lat' dir='ltr'>cumdrcolru·</span> 
     </span>
     <span class='ocr_line' id='line_1_41' title="bbox 422 4244 1802 4351; baseline -0.002 -25"><span class='ocrx_word' id='word_1_316' title='bbox 422 4327 424 4332; x_wconf 82' lang='lat'><em>.</em></span> <span class='ocrx_word' id='word_1_317' title='bbox 490 4250 757 4351; x_wconf 85' lang='lat' dir='ltr'>dodigteffionem</span> <span class='ocrx_word' id='word_1_318' title='bbox 762 4271 844 4321; x_wconf 88' lang='lat' dir='ltr'>tuam</span> <span class='ocrx_word' id='word_1_319' title='bbox 853 4250 1051 4348; x_wconf 83' lang='lat' dir='ltr'>epistolicam,</span> <span class='ocrx_word' id='word_1_320' title='bbox 1064 4244 1288 4347; x_wconf 79' lang='lat' dir='ltr'>qurmscribere</span> <span class='ocrx_word' id='word_1_321' title='bbox 1300 4270 1331 4320; x_wconf 90' lang='lat' dir='ltr'>te</span> <span class='ocrx_word' id='word_1_322' title='bbox 1344 4249 1436 4321; x_wconf 86' lang='lat' dir='ltr'>audio</span> <span class='ocrx_word' id='word_1_323' title='bbox 1446 4256 1591 4322; x_wconf 77' lang='lat' dir='ltr'>Decomae</span> <span class='ocrx_word' id='word_1_324' title='bbox 1600 4250 1802 4328; x_wconf 72' lang='lat' dir='ltr'>Probetiun·</span> 
     </span>
     <span class='ocr_line' id='line_1_42' title="bbox 491 4344 1801 4450; baseline -0.007 -26"><span class='ocrx_word' id='word_1_325' title='bbox 491 4360 578 4424; x_wconf 75' lang='lat' dir='ltr'>rium.</span> <span class='ocrx_word' id='word_1_326' title='bbox 626 4355 666 4422; x_wconf 91' lang='lat' dir='ltr'>ln</span> <span class='ocrx_word' id='word_1_327' title='bbox 677 4374 717 4421; x_wconf 87' lang='lat' dir='ltr'>eo</span> <span class='ocrx_word' id='word_1_328' title='bbox 730 4346 876 4447; x_wconf 82' lang='lat' dir='ltr'>Apostoli</span> <span class='ocrx_word' id='word_1_329' title='bbox 885 4349 958 4422; x_wconf 84' lang='lat' dir='ltr'>loeo</span> <span class='ocrx_word' id='word_1_330' title='bbox 968 4350 1098 4447; x_wconf 78' lang='lat' dir='ltr'>plurima</span> <span class='ocrx_word' id='word_1_331' title='bbox 1108 4344 1205 4433; x_wconf 88' lang='lat' dir='ltr'>sunt,</span> <span class='ocrx_word' id='word_1_332' title='bbox 1228 4370 1296 4444; x_wconf 83' lang='lat' dir='ltr'>quae</span> <span class='ocrx_word' id='word_1_333' title='bbox 1310 4366 1483 4422; x_wconf 80' lang='lat' dir='ltr'>accuratum</span> <span class='ocrx_word' id='word_1_334' title='bbox 1496 4352 1801 4450; x_wconf 80' lang='lat' dir='ltr'>exameurequirmt:</span> 
     </span>
     <span class='ocr_line' id='line_1_43' title="bbox 708 4465 1808 4518; baseline -0.001 1"><span class='ocrx_word' id='word_1_335' title='bbox 708 4465 719 4478; x_wconf 84' lang='grc'><strong>“</strong></span> <span class='ocrx_word' id='word_1_336' title='bbox 1024 4469 1026 4476; x_wconf 64' lang='lat'>‘</span> <span class='ocrx_word' id='word_1_337' title='bbox 1738 4470 1808 4518; x_wconf 82' lang='lat' dir='ltr'>cum</span> 
     </span>
    </p>
   </div>
   <div class='ocr_carea' id='block_1_8' title="bbox 0 0 2069 5425">
    <p class='ocr_par' dir='ltr' id='par_1_9' title="bbox 0 0 2069 5425">
     <span class='ocr_line' id='line_1_44' title="bbox 0 0 2069 5425; baseline 0 0"><span class='ocrx_word' id='word_1_338' title='bbox 0 0 2069 5425; x_wconf 95' lang='lat' dir='ltr'> </span> 
     </span>
    </p>
   </div>
  </div>
 </body>
</html>
