4067 5425
528 311 871 386 Vrnoroit
919 313 1319 395 Errseoum'
1402 319 1407 327 ’
1522 348 1591 427 109

272 437 326 526 ie,
349 435 508 535 literasque
523 437 557 507 in
571 433 637 505 sinu
652 432 780 521 habeto,
805 459 862 506 nec
877 437 1022 533 cuiquam
1041 435 1147 507 nasuto
1158 438 1292 511 ostende.
1342 440 1586 519 commendabis

274 532 608 624 meDominoJoanni
622 531 894 627 Angelomedico,
918 533 1272 632 quemmihicollegam,
1299 539 1584 637 amicumque,n0n

272 628 383 700 dubito
400 633 478 726 quin
491 635 523 698 ὅ(
536 628 748 724 tuplurimum
767 629 855 698 colas.
905 632 982 699 Sane
994 628 1079 726 quod
1093 655 1180 727 rogas
1187 685 1198 717 ,
1230 654 1265 701 ut
1283 654 1313 702 te
1334 621 1581 725 admoneam,ii

273 724 351 822 quid
367 728 442 796 novi
455 721 580 795 hoc-sub
601 724 683 792 coelo
703 725 827 809 edanu,
858 722 987 796 brevitet
1001 728 1111 821 accipe.
1158 730 1297 798 Ruellius
1317 726 1443 823 Absyrti
1457 738 1583 806 Veteri·
1705 726 1709 734 ’

271 824 384 891 uariam
398 848 415 891 a
429 817 458 891 se
470 822 577 891 latine
591 818 760 891 transsatam
782 820 884 892 edidit.
928 822 1065 920 Joarmes
1085 822 1284 897 Andemacus
1321 827 1520 920 uunplurima
1541 859 1578 903 ex

271 917 395 988 Galerio
406 920 571 988 convertit:
597 916 674 986 adeo
693 937 728 986 ut
747 917 915 1018 Cratander
934 920 1162 1015 quamprimum
1176 919 1273 1015 speret
1292 850 1322 990 se
1338 926 1444 992 omnia
1462 926 1578 999 Galeni

267 1012 492 1085 nonabeodem
505 1008 588 1085 versa
604 1010 991 1084 studiosrs'communicare.
1014 1011 1110 1083 Est&
1124 1017 1156 1085 in
1171 1016 1447 1088 Trans-Rhenanis
1458 1025 1575 1117 Symon

267 1110 433 1205 Gryneus,
457 1111 513 1207 qui
526 1106 677 1178 Plutarchi
690 1112 765 1179 vitas
778 1110 892 1178 collatis
907 1110 1025 1178 Graecis
1037 1112 1255 1206 exemplaribus
1274 1113 1468 1201 emendavit,
1494 1119 1575 1190 edit-

264 1231 342 1302 que,
357 1213 390 1276 &
404 1203 741 1302 id'praelisBebellianis3
766 1203 879 1302 quibus
889 1207 981 1274 etiam
994 1207 1100 1274 omnia
1112 1206 1283 1279 Aristotelis
1289 1234 1382 1304 opera
1395 1211 1506 1293 Gaece
1518 1241 1573 1286 er·
1655 1216 1657 1227 '

261 1304 420 1373 cudtmtur.
469 1300 615 1373 Frobenii
637 1327 709 1370 curn
725 1297 946 1394 Chrysostomo
966 1301 1191 1375 colluduntur:
1223 1313 1256 1373 &
1277 1306 1419 1402 pleraque
1441 1306 1479 1377 ab
1493 1311 1570 1382 E'ra-
1712 1301 1719 1311 ’

261 1393 328 1469 sno
349 1394 472 1495 aliisque
492 1396 605 1468 habent
619 1394 764 1467 hasienus
784 1422 849 1466 non
864 1398 1028 1493 invulgata.
1085 1396 1250 1468 Collinaeus
1267 1400 1382 1471 Parisiis
1406 1401 1572 1477 Charaste-

260 1518 307 1563 tes
328 1492 545 1565 minutiffirnos
567 1496 776 1589 excogitavit,
805 1490 855 1564 sed
886 1495 1048 1591 Paganinis
1070 1493 1269 1578 mundiores,
1306 1497 1418 1593 quibus
1441 1526 1569 1575 omnem

246 1588 483 1661 ‘bibliothecam'
501 1588 632 1660 modicis
667 1586 772 1660 forulis
802 1589 938 1661 includit.
989 1591 1139 1675 livium,
1175 1589 1367 1677 Sallustium,
1398 1593 1567 1685 Caesarem,

253 1686 464 1772 Ciceronem,
489 1689 684 1783 Virgilium,
707 1694 739 1756 &
759 1684 930 1775 hujusmodi
946 1711 1054 1756 omnes
1072 1684 1288 1782 praestantiores
1311 1688 1441 1758 excudit.
1488 1694 1567 1764 Edi-

259 1781 370 1852 derunt
400 1781 517 1853 ibidem
549 1784 599 1850 alii
620 1783 895 1852 Gracco-Latinum
923 1786 1062 1853 Lericon
1091 1781 1342 1881 copiosissimum.
1392 1785 1450 1855 Sed
1480 1790 1566 1884 quod

132 1950 140 1954 ,
259 1872 341 1948 forte
360 1900 410 1949 tua
435 1881 531 1975 magis
544 1876 684 1964 interest,
717 1876 811 1949 habet
832 1880 987 1949 Valterius
1006 1877 1144 1949 Corbeta
1164 1878 1266 1951 noster
1279 1881 1451 1950 orationem
1469 1884 1566 1954 Cice-

259 1978 346 2044 ronis
367 1978 400 2044 in
422 1980 459 2045 L.
481 1970 624 2046 Pisonem
641 1978 814 2069 integram,
852 1972 1034 2072 quibusdam
1056 1973 1139 2045 foliis
1162 1978 1303 2060 auctam,
1335 2002 1431 2074 quam
1451 1981 1566 2075 opinor

217 2130 224 2135 ,
258 2067 304 2139 est
321 2070 479 2157 editurtu,
511 2096 568 2141 nec
582 2070 641 2142 tibi
656 2070 856 2166 denegaturus
878 2071 902 2141 st
922 2074 1054 2168 petieris.
1103 2075 1255 2160 Quamvis
1278 2070 1356 2143 mihi
1381 2075 1431 2143 ille
1451 2078 1563 2146 retule-

257 2170 298 2236 rit
316 2165 431 2238 faslum
445 2188 476 2238 te
489 2169 624 2264 podagra
643 2166 778 2237 transacii
801 2194 839 2237 ue
860 2165 934 2236 belli
949 2169 1099 2237 memoria
1109 2167 1187 2239 adeo
1201 2169 1374 2253 morosum,
1399 2176 1432 2240 δι
1447 2186 1571 2269 quent:

257 2265 339 2349 lum,
350 2285 352 2289 ·
363 2285 398 2335 ut
410 2290 483 2335 cum
497 2264 564 2334 istic
581 2260 669 2349 esset,
694 2194 821 2333 nulloole
832 2261 986 2334 beneficio
1001 2263 1194 2334 demerueris.
1244 2265 1395 2335 Reversus
1406 2288 1509 2337 autem
1520 2272 1561 2338 il-

234 2398 237 2401 ·
257 2358 441 2457 lenuperest
450 2363 483 2431 in
497 2362 636 2446 ltaliam,
660 2385 732 2430 cum
742 2360 900 2431 Gallicum
914 2361 947 2431 id
956 2362 1072 2432 coelum
1085 2358 1163 2431 ferre
1176 2386 1242 2431 non
1255 2359 1366 2456 pollet,
1391 2365 1562 2461 jamquead

256 2480 365 2526 necem
379 2452 442 2527 fere
453 2454 627 2554 aegrotasset.
677 2456 810 2551 Alioqui
825 2478 924 2551 parata
936 2458 980 2526 illi
996 2478 1060 2526 erat
1072 2460 1220 2552 optimae
1235 2459 1324 2553 Rege
1340 2459 1488 2529 conditio.
1523 2464 1555 2531 Si

256 2556 340 2622 enirn
353 2551 473 2639 nescis,
502 2556 616 2624 mirum
630 2550 674 2623 est
692 2578 786 2649 quam
803 2549 941 2622 studiosis
953 2550 1099 2622 omnibus
1121 2550 1275 2622 liberalem
1293 2551 1322 2622 se
1338 2563 1389 2624 'rex
1411 2553 1560 2628 exhibeat.

255 2647 409 2745 Agathius
418 2670 487 2721 tuus
495 2646 1044 2746 GuidacerituHebraicaptofitetur,
1066 2644 1273 2745 stipendiique
1290 2651 1560 2726 nomineduccnos

255 2771 359 2816 aureos
365 2744 466 2817 habet.
491 2748 665 2817 sanctuarii
679 2771 744 2815 non
753 2748 854 2840 pauci:
869 2747 947 2816 adeo
955 2767 989 2815 ut
999 2747 1125 2842 &pueri
1134 2748 1334 2842 collegiorum
1344 2750 1561 2842 quamplurimi

253 2844 413 2939 trilingues
419 2841 514 2942 usque
523 2844 562 2914 ad
573 2844 862 2938 extemporalitatem
879 2841 946 2915 lint.
971 2845 1091 2939 Accepi
1103 2847 1185 2912 &in
1198 2844 1297 2912 aulam
1313 2842 1425 2911 venisse
1440 2842 1559 3006 {ulium

301 2939 412 3010 endam
425 2942 594 3011 Camillum
610 2936 707 3009 asoto
728 2940 798 3016 Iulii
815 2937 1129 3025 doerumhomnem,
1154 2944 1210 3036 qui
1222 2936 1441 3034 regiobtulerit
1469 2937 1561 3008 revis-

254 2965 332 3107 snio
341 3058 501 3134 tempore,
514 3061 587 3135 puta
593 3031 713 3120 mense,
734 3034 886 3106 fleturum
893 3033 923 3105 se
931 3057 1022 3106 uttex
1028 3058 1092 3105 tam
1100 3037 1254 3132 eleganter
1268 3036 1379 3105 Graece
1393 3042 1426 3106 δι
1439 3036 1558 3119 latine,

253 3128 376 3226 prosa&
390 3130 476 3204 verso
487 3133 627 3204 sermone
640 3132 741 3202 dicere
756 3130 846 3228 poffit
854 3186 865 3218 ,
878 3158 971 3229 quam
978 3129 1206 3203 Demosthenes
1220 3139 1252 3202 δι
1270 3133 1386 3202 Cicero
1403 3139 1435 3203 ἃ
1449 3134 1560 3227 Virgi-

252 3230 309 3297 lius
327 3251 377 3300 aut
388 3234 561 3315 Homerus,
585 3230 661 3301 dum
675 3226 780 3297 horam
798 3229 939 3298 ‹litunam
956 3231 998 3298 illi
1013 3230 1082 3297 Rex
1093 3224 1171 3298 solus
1189 3225 1324 3325 prestare
1335 3247 1459 3324 operum
1473 3231 1557 3299 velit.

250 3325 346 3396 Nolle
362 3330 448 3397 enim
465 3354 499 3398 ea
517 3351 621 3397 arcana
641 3325 784 3420 cuiquam
797 3319 965 3395 inferioria
982 3327 1073 3420 Rege
1087 3323 1239 3419 patefieri:
1267 3332 1299 3394 &
1315 3324 1557 3423 necidquidem

249 3425 354 3516 gratis,
380 3423 430 3495 sed
443 3424 576 3496 reditum
586 3420 862 3493 annuurnduorum
871 3420 1003 3490 millium
1017 3445 1177 3491 aureorum
1185 3416 1396 3490 insacerdotiis
1408 3445 1465 3516 pro
1474 3447 1557 3489 mer-

248 3518 323 3589 cede
337 3542 447 3617 petere.
496 3513 642 3590 Periuafit
666 3515 834 3587 constantia
850 3519 950 3586 vultus
971 3515 1028 3612 ipli
1044 3519 1152 3616 Regi:
1187 3516 1236 3585 bis
1253 3513 1392 3585 interfuit
1413 3515 1556 3600 docenti,

249 3620 449 3715 emunxitque
461 3620 513 3688 ille
523 3615 679 3687 sexcentos
691 3639 812 3699 aureos,
836 3619 869 3682 δι
884 3612 1019 3683 dimiilits
1031 3613 1083 3684 est.
1133 3619 1253 3682 Vereor
1268 3637 1308 3679 ne
1319 3613 1351 3679 in
1368 3606 1557 3679 fabulamtes

246 3708 379 3781 trmseat.
428 3716 544 3784 Attulit
559 3714 652 3783 etiam
664 3735 776 3779 munus
791 3712 874 3805 Regi
884 3712 1065 3779 Laurentius
1076 3708 1234 3790 Ursinus,
1259 3710 1417 3777 Venerem
1431 3730 1558 3794 aeream,

247 3805 371 3902 Lyhppi
384 3811 435 3879 alii
446 3809 642 3892 arbitrantur,
671 3829 733 3901 ego
745 3805 912 3892 Clochini,
937 3827 988 3875 aut
1001 3805 1034 3874 id
1048 3830 1144 3896 genus
1157 3804 1335 3873 recentioris
1347 3798 1486 3898 suspicor.
1517 3810 1555 3872 In

246 3929 314 3972 eam
328 3904 403 3999 pleri
426 3899 864 3998 uecarminacomposuerunt,
888 3900 1331 3998 quorumaliquaadtemitto,
1357 3899 1557 3970 utindecon-

245 4000 391 4089 jcennan
403 3932 493 4073 iacias
503 4002 611 4072 florere
620 4006 653 4069 &
664 3997 715 4069 hic
729 3999 844 4096 po'e‘snn
861 4052 871 4082 ,
896 3997 1012 4068 nedum
1023 4007 1088 4088 jura
1103 3999 1210 4066 civilia
1261 3996 1434 4067 Scriberem
1448 4003 1481 4065 &
1496 3998 1552 4064 ali·

246 4098 323 4193 quid
336 4098 476 4185 ulterius,
500 4099 551 4170 sed
566 4095 728 4194 obsignare
739 4096 851 4168 deinde
865 4097 1032 4165 commode
1045 4120 1110 4163 non
1122 4090 1246 4191 possem.
1290 4090 1426 4165 Satisfeci
1439 4095 1554 4186 opinor

241 4191 441 4289 postulationi
453 4218 520 4266 tuae.
570 4199 627 4264 Tu
642 4195 752 4263 vale&
770 4218 906 4264 mearna.
955 4192 998 4260 Et
1020 4187 1488 4273 livisutfidemtibihabeam,
1512 4214 1555 4257 ne

203 4323 208 4330 ·
242 4297 276 4363 in
292 4290 542 4362 monomachiam
555 4287 803 4362 iibideseendere
815 4290 851 4360 stt
863 4313 957 4383 opus,
980 4286 1074 4358 verba
1085 4286 1124 4356 ad
1138 4314 1189 4357 me
1204 4284 1473 4380 exHistoriaJovii
1498 4289 1556 4368 (ut

242 4394 375 4476 vocant)
399 4383 538 4472 fornnlia
545 4388 677 4474 mittito,
700 4383 977 4481 cum'jurejuraudo
991 4412 1009 4456 a
1022 4406 1053 4455 te
1059 4410 1134 4552 gon
1149 4381 1332 4480 composita,
1357 4377 1500 4451 sedbona
1512 4377 1552 4546 ii

1119 4504 1134 4577 3
1537 4495 1557 4539 e
