4067 5425
1116 344 1250 397 aro
1718 319 3161 392 CLSARRAV·11

1112 464 1281 514 teras.
1379 441 1649 537 Accepit
1670 464 1706 511 a
1733 436 2095 537 Magistrum
2114 444 2180 509 &
2210 435 2549 508 Academia
2568 435 2959 522 &nauhu-⁸5,
3006 438 3233 535 quibus
3257 440 3727 521 cumhonoeefl

1113 563 1224 610 vos
1261 539 1623 621 dimittitur3
1672 535 1845 636 quod
1879 535 1991 605 [ibi
2018 535 2293 631 apprime
2323 533 2698 622 conducere,
2743 538 2948 607 immo
2976 533 3367 607 neceffirinm
3395 537 3513 612 effe
3540 542 3730 618 existi.
3883 561 3891 578 ·

1111 641 1321 709 mavit.
1416 638 1638 734 Nuper
1658 631 1845 705 occisi
1879 632 2093 701 Caroli
2114 633 2561 701 Britanniamm
2583 634 2781 728 Regis
2811 634 3002 702 ἐικὸισι
3026 635 3339 715 &anah
3368 636 3498 708 vidi
3520 644 3591 709 δι
3614 642 3730 743 legi

1107 756 1256 804 cum
1282 733 1516 806 summa
1535 731 1933 803 admiratione
1950 757 1970 798 ε
2017 728 2172 798 adeo
2205 730 2272 796 in
2299 753 2371 797 ea
2394 729 2571 824 plena
2593 732 2812 800 omnia
2836 728 3133 799 boniatis
3153 754 3295 827 erga
3316 729 3722 812 subditoeegi..

1106 833 1247 900 miae
1286 838 1354 903 &
1383 835 1450 902 in
1478 833 1696 899 Deum
1718 828 1975 924 pietatis.
2070 827 2278 894 Exeo
2303 823 2464 895 libro
2486 828 2759 921 pomer-is
2784 852 2916 896 non
2946 850 3136 921 pauca
3159 826 3516 924 depromere
3551 841 3728 933 Apo-

1103 927 1375 1025 logetico
1403 950 1514 997 tuo
1541 922 1865 995 firmando.
1957 920 2076 993 Sed
2105 920 2355 1011 quando
2381 947 2527 992 eum
2552 921 2912 993 videbimus.
2943 924 3103 993 Vale
3125 929 3193 992 δι
3213 950 3462 997 meama
3476 932 3723 1003 Lutetia:

1104 1022 1377 1095 Parisior.
1417 1048 1443 1092 1
1465 1047 1518 1092 1.
1553 1022 1704 1119 Julii
1721 1043 1823 1091 ero
1851 1044 1946 1090 rx
1972 1043 2174 1091 κως.
2269 1021 2591 1114 Superiora
2608 1015 2948 1116 scripseram
2976 1041 3124 1089 curn
3150 1040 3280 1091 tuas
3299 1026 3528 1121 accepi.
3604 1030 3726 1100 Ni-

1103 1114 1192 1188 hil
1226 1120 1390 1208 dixi,
1435 1114 1638 1214 scripsi
1681 1138 1785 1189 aut
1824 1113 1948 1187 feci
1973 1143 2012 1186 a
2041 1135 2240 1197 morte
2267 1113 2652 1211 Spanhemii‚
2698 1140 2832 1212 quo
2859 1119 3247 1190 vocationem
3275 1118 3564 1192 Boclnrti
3588 1126 3723 1195 Lei-

1102 1212 1244 1286 dam
1278 1216 1659 1315 impedirem.
1758 1213 1943 1284 Olim
1972 1239 2104 1283 non
2132 1212 2413 1282 venifl'et:
2452 1218 2576 1301 jam
2619 1235 2769 1283 vero
2806 1211 2998 1311 quid,
3048 1211 3094 1282 fi
3126 1214 3270 1285 esset
3304 1237 3595 1307 vocatus,
3635 1220 3722 1293 fi-

1102 1312 1481 1385 dunnforet
1496 1314 1701 1382 nelcio
1716 1363 1738 1396 ,
1781 1313 1928 1407 quia
1944 1308 2069 1407 ipse
2082 1306 2289 1379 nescit.
2341 1314 2415 1378 In
2442 1306 2597 1378 hanc
2622 1306 3016 1390 sententiam,
3046 1311 3343 1408 quicquid
3353 1310 3558 1402 dicas,
3585 1318 3722 1389 adoe

1107 1433 1178 1478 ea
1202 1408 1280 1480 de
1307 1408 1614 1506 rescripsi.
1706 1411 1824 1477 Tu
1845 1432 1995 1477 vero
2020 1404 2172 1477 facis
2195 1403 2369 1502 quod
2394 1402 2596 1474 lubet:
2647 1406 2766 1476 Sed
2796 1407 2929 1476 noli
2952 1408 3721 1503 ejuspraeoefitionemmihi

1094 1504 1440 1580 adscribere.
1541 1510 1650 1578 De
1695 1505 1970 1576 Heraldo
1995 1500 2204 1574 nescio
2234 1504 2418 1573 etiam
2440 1501 2604 1572 unde
2629 1500 2744 1572 tibi
2771 1504 3008 1573 venerit
3033 1505 3104 1572 in
3130 1525 3405 1575 mentem
3423 1559 3445 1591 ,
3489 1533 3600 1581 me
3617 1534 3722 1580 co-

1100 1605 1292 1698 gitare
1316 1604 1471 1677 nihil
1496 1610 1623 1693 ejus
1648 1598 1825 1674 famae
1851 1626 2073 1671 nocere
2101 1597 2285 1697 posse.
2332 1598 2517 1668 Nihil
2539 1599 2710 1668 enim
2733 1596 3077 1689 hujusmodi
3099 1597 3300 1697 soeipsr
3326 1600 3405 1672 ad
3432 1623 3496 1674 oe
3521 1607 3623 1677 vel
3644 1606 3715 1678 ad

1095 1702 1281 1772 alium
1310 1704 1684 1800 quempiam.
1781 1702 1845 1769 Si
1879 1722 2029 1768 meae
2063 1697 2137 1767 ad
2168 1718 2231 1766 te
2262 1721 2393 1766 non
2412 1699 2830 1793 pervenerint,
2878 1698 3714 1794 ceroepervenioedebebant:

1093 1820 1226 1867 non
1251 1802 1419 1869 enim
1445 1795 1686 1881 ceffivi,
1732 1819 1848 1866 nec
1875 1792 2129 1864 ceffibo.
2226 1792 2501 1863 Scribam
2527 1795 2700 1863 enim
2732 1796 2848 1863 alia
2876 1819 3099 1881 mauu,
3145 1819 3720 1900 cummanonpo-

1094 1912 1224 1963 nero
1236 1945 1257 1978 ,
1306 1892 1479 1992 quod
1503 1914 1572 1963 tu
1601 1896 1681 1963 ita
1703 1888 1906 1991 quaeso
1929 1914 2270 1988 precorque
2293 1888 2493 1961 facias.
2592 1895 2821 1961 Iterum
2846 1892 2994 1960 vale.

1822 2012 2599 2084 EPISTOLA
2697 2011 2984 2083 CCVI.

1273 2133 1536 2228 CL.
1747 2126 3535 2231 SARRAVIUS

2107 2285 2369 2356 Claudio
2416 2283 2727 2380 sanast..

1168 2383 1482 2457 lugdunum
1509 2385 1855 2437 Batavorum.

1131 2492 1135 2501 ’
1278 2477 1508 2550 Audeo
1528 2479 1858 2591 impensius
1887 2497 1947 2549 te
1979 2474 2279 2573 Chii-agra
2306 2475 2658 2547 liberatumt
2706 2479 2853 2574 quia
2877 2474 3524 2574 spesestforentetiam
3538 2478 3722 2554 brevi

1097 2491 1264 2648 G
1284 2574 1557 2674 Podagra
1578 2576 1857 2648 thicedat.
1954 2577 2110 2645 Haec
2144 2572 2449 2671 postrema
2475 2599 2576 2643 me
2602 2571 2792 2643 adhuc
2821 2578 3073 2645 cruciatt
3120 2575 3219 2645 vel
3245 2578 3448 2673 potius
3470 2576 3721 2667 q‘ueaf-

1084 2666 1229 2740 finis
1269 2673 1600 2772 Gonagra,
1647 2671 1934 2744 haetenus
1972 2668 2130 2743 mihi
2161 2674 2474 2766 incognita
2503 2668 2765 2766 hospita,
2814 2696 2932 2742 nee
2957 2674 3162 2744 minus
3186 2691 3390 2744 tanen
3418 2672 3720 2765 molesta,

1084 2790 1272 2864 quam
1315 2768 1437 2840 fuit
1470 2772 1666 2840 altera.
1720 2773 1885 2840 Scire
1922 2793 2168 2839 avemus
2194 2789 2329 2863 quae
2360 2763 2590 2837 fuerint
2613 2769 2850 2853 Batavi,
2895 2792 3040 2839 cum
3064 2767 3339 2866 suprema
3363 2772 3724 2859 ordimtret,

1083 2862 1547 2979 mandatasuper
1571 2864 1688 2936 suis
1710 2865 2012 2936 vindiciis.
2108 2867 2219 2933 An
2242 2858 3197 2961 jusstriteasitaimperfeaasedi‚
3246 2867 3717 2966 anpotiuxsup—

1079 2960 1298 3124 primi:
1349 2962 1577 3059 qu1dve
1607 2963 1683 3034 de
1706 2982 1834 3033 tota
1861 2959 1966 3032 ista
1993 2959 2401 3032 controversia
2427 3017 2448 3050 ,
2496 2985 2631 3058 quae
2655 2965 2870 3058 procul
2895 2962 3089 3033 dubio
3115 2970 3240 3051 ejus
3262 2967 3553 3037 animum
3583 2987 3724 3037 tur-

1128 3076 1325 3128 averat
1342 3112 1363 3145 ,
1407 3060 1643 3130 dixerit.
1734 3062 1916 3129 Tum
1945 3061 2114 3129 enim
2141 3078 2295 3127 verae
2322 3082 2505 3128 voces
2533 3078 2898 3153 erumpunt,
2930 3078 3047 3128 nec
3072 3060 3215 3130 licet
3236 3063 3306 3129 in
3328 3058 3450 3130 isto
3474 3060 3724 3158 postre-

1078 3175 1189 3223 mo
1209 3152 1455 3225 Fabulae
1480 3156 1686 3244 Astu,
1730 3157 1969 3227 alterius
1991 3151 2310 3252 personam
2327 3155 2603 3250 induere:
2654 3156 2939 3226 MANET
2969 3178 3119 3226 nas.
3188 3157 3379 3227 Certe
3390 3157 3728 3231 dumGe-

1077 3273 1250 3320 nevae
1276 3250 1459 3337 vixit,
1510 3256 1872 3351 neutiquam
1904 3253 2136 3323 Gratiae
2157 3246 2971 3322 Universaliadversatusest:
3023 3253 3180 3351 quin
3196 3251 3727 3326 immofavitme-

1074 3347 1285 3416 moriae
1321 3347 1723 3436 Cameronis,
1752 3346 1927 3438 hujus
1951 3350 2168 3419 veteris
2191 3344 2497 3418 sententiae
2511 3345 2991 3420 noviaffertoris:
3038 3347 3732 3450 ejusqueomniaopera

1075 3439 1256 3512 fimul
1279 3444 1379 3516 edi
1401 3448 1630 3516 curavit
1646 3499 1667 3533 ,
1694 3445 1892 3517 addita
1902 3447 2087 3514 etiam
2114 3440 2214 3515 sua
2247 3440 2607 3515 Praefatione
2625 3498 2647 3531 ,
2670 3468 2806 3540 quar
2840 3451 2964 3535 ejus
2986 3467 3126 3542 erga
3138 3447 3223 3515 τὺ
3236 3449 3611 3538 paneadem
3631 3474 3735 3521 re-

1071 3543 1406 3613 verentiam
1431 3539 1773 3614 testabatur.
1871 3540 2120 3633 Qibus
2141 3540 2351 3637 postea
2362 3538 2624 3612 consiliis
2637 3544 2993 3627 mutaverit,
3040 3565 3116 3611 an
3132 3543 3260 3613 aliis
3269 3546 3730 3639 praetereaodii

1074 3635 1636 3710 autamoriscauffis
1648 3693 1668 3723 ,
1680 3636 1926 3710 difficile
1941 3641 2054 3709 erit
2066 3636 2507 3734 deincepsscire
2520 3692 2542 3726 ,
2555 3634 2669 3707 nisi
2684 3634 2826 3731 ipse,
2850 3660 3173 3738 antequam
3188 3636 3380 3711 abiret
3388 3641 3472 3713 ad
3489 3644 3732 3742 plureS,

1069 3729 1519 3827 significaverit.
1615 3736 1911 3806 Gratulor
1952 3732 2071 3804 tibi
2112 3734 2288 3804 Mori
2321 3736 2389 3803 in
2416 3736 2722 3805 Bataviam
2753 3732 3114 3806 adventum:
3165 3759 3297 3806 nun
3420 3762 3503 3813 m
3552 3743 3740 3814 enim

1067 3825 1343 3899 dubitavi
1371 3831 1731 3923 placiturum
1763 3830 2157 3926 Magnatibus
2188 3839 2253 3902 &
2273 3832 2527 3926 populo,
2625 3831 2893 3902 Utinam
2904 3831 3065 3903 benc
3078 3834 3315 3904 etiamil
3339 3835 3739 3908 iconveniat

1072 3948 1219 3994 cum
1258 3921 1701 3999 Professon’bus
1738 3934 1804 3996 δι
1838 3926 2141 3998 Ministris
2158 3980 2178 4012 ,
2229 3930 2432 4024 quint
2461 3929 2793 4024 plurimum
2818 3928 3097 4001 invident
3117 3927 3292 4000 sociis
3319 3929 3741 4027 praestantio-

1063 4020 1233 4096 ribus
1250 4075 1271 4108 ,
1295 4026 1458 4110 juxta
1482 4042 1653 4092 vetus
1679 4021 1914 4093 distum
1940 4029 2240 4117 κεςριμεύς
2258 4032 2533 4118 meysa&
2627 4023 2748 4095 Sed
2759 4048 2889 4095 non
2904 4023 3329 4099 estvestrannn
3344 4032 3745 4103 Provincia-

1068 4144 1209 4190 rum
1244 4120 1485 4215 propria
1509 4116 1634 4188 haec
1662 4118 1840 4189 labes.
1935 4123 2139 4192 Etiam
2172 4121 2450 4192 Gencvae
2491 4128 2557 4192 &
2591 4119 2734 4192 alibi
2755 4116 2881 4192 haec
2923 4117 3106 4219 pestis
3136 4121 3475 4218 graffatur,
3532 4154 3737 4230 quam

1066 4214 1418 4311 prudentia,
1467 4209 1829 4286 fortitudine
1856 4224 1922 4287 &
1945 4222 2237 4313 patientia
2259 4221 2503 4290 vincere
2517 4238 2786 4317 oportet.
2832 4217 2944 4290 De
2954 4217 3164 4290 Vidua
3180 4221 3503 4319 Principis
3522 4230 3740 4297 Arau-

1064 4308 1354 4383 sionensis
1383 4314 1575 4411 magis
1600 4314 1883 4398 mirarer,
1932 4339 2068 4386 eam
2101 4313 2252 4385 adeo
2279 4312 2453 4387 facile
2479 4318 2518 4388 S
2563 4313 2834 4386 anhemii
2859 4316 3078 4388 veteris
3120 4315 3302 4387 amici
3329 4328 3746 4396 memoriam

1007 4496 1013 4505 .
1066 4402 1397 4505 deposuisse
1413 4459 1434 4496 ,
1473 4432 1545 4483 ut
1578 4407 1741 4482 hunc
1785 4434 2025 4487 novum
2050 4409 2353 4512 hospitem
2378 4417 2500 4507 jam
2686 4432 2747 4484 at
2769 4414 2840 4484 ln
2867 4410 3138 4501 deliciis,
3177 4410 3299 4486 nifi
3322 4417 3546 4493 etiam
3577 4441 3756 4590 {atos

3738 4565 3767 4604 ²
