4067 5425
485 356 505 393 ⁴.
559 296 1341 382 VrrorunEaisuoan.
1517 315 1583 405 165

263 441 315 513 rix
328 435 397 509 satis
409 452 467 529 pro
480 424 706 525 magnimdine,
731 419 843 494 referre
853 418 1159 516 verohaudunquam
1170 418 1274 518 posse,
1299 448 1350 492 me
1363 419 1489 517 sperem
1512 427 1574 494 Ita-

262 561 324 632 que
339 557 416 615 oro,
440 550 533 623 quam
547 520 625 594 mihi
638 520 798 593 conciliare
813 515 892 615 apud
912 513 1147 590 eruditislimum
1158 520 1270 613 pariter
1282 540 1373 614 atque
1392 514 1572 588 humanissi-

263 657 353 701 mum
370 630 471 698 virum
483 623 648 690 amicitiam
662 615 800 713 caepisti,
825 619 859 685 in
872 613 1027 710 posterum
1039 610 1158 682 firmare
1165 638 1288 710 pergas,
1311 637 1403 711 atque
1411 634 1445 682 ut
1456 642 1507 684 me
1515 613 1571 687 fibi

263 752 360 823 quam
372 715 701 794 commendatislimum
714 712 821 783 habere
838 710 999 807 dignetur,
1013 713 1164 805 impetres.
1190 707 1369 802 Qrodvero
1385 716 1459 779 Ben.
1473 715 1571 807 Jovii

260 827 369 927 prima
376 819 498 900 attinet,
511 811 715 909 placetidquo
738 805 994 880 uevehementer:
1019 826 1049 876 at
1059 806 1169 875 vellem
1176 808 1266 901 paulo
1280 804 1353 875 esset
1363 807 1511 902 prolixius
1522 830 1569 878 ta-
1601 816 1603 819 ’

262 944 336 988 men
344 973 355 1004 ,
378 940 443 1013 quo
457 907 555 980 sonna
566 932 693 1007 quoque
708 835 779 975 libri
790 902 962 1002 augustiore
977 901 1088 972 excudi
1101 897 1207 998 pollet.
1257 903 1366 973 Solent
1379 905 1488 989 enirn,
1511 930 1570 975 nc-

262 1008 326 1084 scio
340 1038 406 1111 quo
419 1007 525 1106 pasto,
550 1002 788 1088 minutiorailla,
835 998 1114 1071 uamviseruditaac
1127 996 1228 1085 bona,
1251 1023 1323 1078 curn
1338 996 1457 1067 anobis
1469 999 1568 1071 edun-

257 1132 324 1197 tur,
348 1136 365 1179 a
378 1103 526 1203 plerisque
539 1104 666 1198 negligi.
716 1028 849 1169 Proinde
860 1096 966 1166 hortor
981 1118 1037 1180 tc,
1068 1097 1112 1162 mi
1126 1096 1173 1162 D.
1190 1090 1344 1164 Francisce
1360 1145 1370 1177 ,
1400 1114 1436 1163 ut
1450 1092 1489 1164 ab
1512 1097 1567 1167 illo

260 1211 351 1279 etiam
365 1205 480 1300 reliqua
492 1203 653 1296 impetreS,
678 1220 742 1292 quo
757 1218 822 1264 uno
837 1191 941 1289 postea
951 1188 1032 1262 libro
1045 1191 1152 1259 omnia
1164 1186 1565 1296 fimulcomprequnsamitti

105 1348 109 1365 ·
257 1298 412 1379 honestius
425 1303 458 1368 in
474 1293 633 1392 publicum
645 1288 770 1388 possint.
797 1291 923 1359 Interim
936 1312 997 1385 ego
1012 1288 1070 1355 illis
1085 1288 1132 1355 vel
1145 1280 1224 1354 solus
1237 1282 1330 1356 fruar:
1354 1292 1567 1369 aut‚cumerit

257 1387 926 1474 tommodbm,tamencommunicareetiam
933 1409 1005 1452 cum
1013 1383 1077 1451 aliis
1089 1382 1139 1451 vel
1152 1374 1446 1479 solanongraiabor'.⁴
1470 1390 1565 1480 Apo-

308 1498 341 1565 iae
357 1490 520 1584 Majoragii
533 1491 568 1557 in
579 1485 743 1556 Nizolium
756 1485 851 1552 miror
863 1476 959 1551 deesse
974 1472 1106 1548 titulum.
1140 1477 1192 1547 Ne
1215 1504 1254 1546 ue
1268 1479 1353 1547 enim
1365 1501 1442 1574 puto
1458 1476 1563 1551 itaesse

254 1498 391 1676 leffium,
415 1584 501 1684 quod
512 1582 578 1655 sieri
594 1582 629 1654 id
639 1577 720 1649 baud
733 1576 834 1650 soleat
883 1583 990 1674 ltaque
1004 1572 1027 1644 st
1040 1573 1117 1673 quid
1129 1504 1488 1670 aliudadeampertiner,
1506 1604 1566 1646 ve·

258 1690 380 1781 simper
396 1676 873 1779 opportemumtabellariumquo
897 1699 935 1742 ue
947 1672 984 1743 ad
992 1674 1165 1741 nosmittaa
1190 1671 1350 1765 Cuperem
1364 1675 1566 1744 enim-omnia

258 1787 327 1856 coll'
352 1807 419 1867 ere,
442 1802 509 1875 quac
517 1700 971 1870 Mammgiushadmmedidit,
997 1775 1029 1837 &
1043 1764 1146 1836 filtem
1157 1768 1329 1861 catalogum
1342 1771 1562 1838 eommomni-

257 1907 312 1951 um
388 1902 456 1961 ere,
480 1899 544 1970 quo
552 1897 590 1942 co
614 1875 620 1889 '
646 1865 783 1938 'facilius
801 1862 927 1965 possent
975 1866 1067 1933 Forte
1078 1861 1485 1960 enimaliquandoconjungi
1496 1844 1566 1937 unn'

260 1977 420 2047 volumine
433 1972 539 2043 omnia
551 1967 606 2038 sim
651 1964 815 2036 ancile&
833 1984 953 2061 gratum
971 1957 1110 2030 studiosis
1129 1955 1218 2028 foret.
1270 1958 1365 2027 Certe
1379 1960 1566 2058 quecunque

106 2060 110 2065 .
256 2078 292 2146 ,n
303 2098 335 2142 re
350 2096 410 2168 ego
424 2063 639 2163 jfflgratificari
652 2087 744 2159 opera
757 2056 859 2131 nollra
869 2078 994 2156 potem,
1020 2053 1101 2125 dabo
1113 2052 1263 2152 operam,
1296 2075 1331 2124 ut
1342 2055 1507 2150 intelligat,
1531 2052 1562 2125 se

247 2197 276 2241 ‚a
289 2165 379 2239 nobis
391 2166 484 2237 amari
495 2160 575 2232 haud
593 2159 762 2258 vulgariter.
811 2153 1036 2235 Salutrbireum
1049 2177 1120 2221 meo
1134 2154 1263 2221 nomine
1285 2176 1379 2247 quam
1412 2148 1563 2220 ntes-offi-

254 2262 414 2339 ciosrffime
471 2263 569 2330 Mitto
585 2255 622 2328 ad
635 2279 664 2327 te
676 2262 760 2325 vitas
773 2250 932 2323 Plutarchi
945 2274 1043 2345 nuper
1056 2246 1217 2332 absolutas,
1233 2272 1309 2344 ‚quae
1325 2272 1364 2316 co
1415 2249 1486 2326 'tere
1502 2245 1564 2317 slo-

255 2389 331 2435 reno
343 2388 417 2431 uno
465 2365 545 2428 Item
553 2357 700 2424 Bucolica¹
712 2350 922 2443 diversorum,
948 2370 1014 2442 quae
1029 2341 1160 2441 petiisti,
1184 2369 1242 2440 pro
1254 2342 1366 2440 quibua
1379 2341 1456 2413 nihil
1470 2364 1564 2438 peto,

256 2455 517 2559 quemadmodum
538 2475 641 2548 neque
661 2473 718 2545 pro
734 2448 905 2539 Mosellam
920 2439 1181 2514 Annetariom'bus
1199 2448 1233 2510 in
1253 2444 1386 2510 Gellium
1404 2438 1570 2509 aBebelio·

259 2554 416 2654 quondam
428 2549 540 2622 excusas
547 2601 558 2632 ,
582 2571 649 2644 quae
662 2547 810 2642 quianon
821 2538 1047 2638 reperiebantur
1057 2534 1183 2631 usquam
1196 2536 1316 2604 venales
1329 2536 1473 2631 amplius,
1497 2561 1565 2606 ma-

258 2655 302 2725 lui
314 2678 351 2723 ex
365 2675 432 2719 mea
445 2642 636 2716 Bibliotheca
648 2637 833 2724 rescindere,
857 2663 951 2735 quam
963 2660 1029 2705 non
1044 2627 1204 2728 gratificari
1216 2628 1290 2716 tibi,
1301 2629 1304 2635 ’
1314 2628 1523 2727 quodutinam
1529 2634 1568 2701 ira

257 2746 325 2847 ipso
338 2769 464 2844 quoque
479 2742 587 2813 Gellio
601 2740 643 2811 ad
654 2762 685 2808 te
696 2735 847 2807 mittendo
861 2730 994 2833 praestare
1008 2725 1186 2827 potuissem,
1209 2753 1304 2824 quem
1316 2728 1357 2795 ita
1367 2746 1402 2795 ut
1413 2746 1447 2795 tu
1462 2730 1566 2822 petisa

257 2853 367 2919 Sotero
375 2866 457 2912 anno
473 2848 516 2909 26
522 2833 709 2934 impressum,
731 2831 879 2932 nusquam
890 2830 1015 2927 reperio.
1041 2821 1377 2920 Tuumitaquefuerit‚
1402 2817 1566 2892 bonicon-

254 2943 351 3016 sulere
363 2939 494 3034 opellam
507 2933 583 3005 hane
598 2928 748 3013 nostram,
773 2955 806 2999 ae
822 2954 857 2998 ea
873 2929 993 3024 quoties
1011 2921 1134 2993 libuerit
1149 2923 1206 2989 uti.
1251 2920 1399 3016 Reperies
1412 2919 1496 2987 enim
1511 2944 1563 2988 me

256 3040 314 3111 tibi
327 3036 444 3132 semper
457 3032 495 3104 ad
505 3034 611 3102 omnia
617 3023 916 3124 votaparatilsnnum.
942 3026 1026 3092 Bene
1034 3021 1117 3103 vale,
1130 3018 1466 3112 &Oporinum-tuum,
1476 3013 1563 3112 quod

256 3138 345 3219 sacis,
359 3156 458 3203 amare
464 3152 555 3227 atque
563 3151 671 3198 ornare
678 3144 780 3220 perge,
804 3118 922 3191 Basileae
935 3113 1173 3187 12N0vembria
1193 3134 1292 3208 1547.
1340 3113 1386 3181 D.
1399 3113 1566 3208 Hyerony-

256 3260 310 3307 mo
324 3227 612 3323 Fnccioplurimun
626 3214 1189 3318 quoquesalutemdicesmeonomine.

539 3357 934 3432 -EPISTOLA
981 3349 1309 3422 LXXVllL

230 3485 791 3640 ‘FRANCISCO
868 3470 1348 3572 cicius-No,
1427 3469 1469 3559 S.
1504 3465 1571 3558 Da

796 3631 1030 3736 aiam-

391 3824 432 3895 od
446 3820 484 3892 dt
498 3816 589 3889 nobis
603 3811 815 3911 conquereris,
839 3808 957 3902 optime
970 3824 1061 3900 atque
1075 3792 1246 3870 doumme
1260 3791 1422 3873 Cicerine,
1447 3810 1571 3856 nonre-

292 3753 313 3805 ῑ
331 3767 348 3821 a

266 3824 510 4029 OEplondill'e
521 3941 579 3984 nos
591 3910 735 3981 habienus
746 3907 841 3976 literis
854 3906 938 3989 tuis,
969 3899 1073 3971 mirari
1084 3894 1185 3966 hercle
1207 3915 1241 3960 ac
1259 3883 1397 3960 detestari
1410 3881 1575 3981 perfidiam

254 4015 478 4088 abelmaula
491 4011 560 4082 satis
571 4033 637 4079 non
653 4003 797 4103 possum,
823 4025 925 4097 quum
935 3993 1083 4068 omnibus
1096 3990 1242 4061 bacienus
1254 3983 1443 4067 literis‘tuia,
1468 4006 1568 4077 quan*
1708 4044 1716 4064 ‚

259 4135 329 4184 tum
341 4139 396 4209 per
407 4112 482 4183 alias¹
489 4107 702 4202 occupationes
718 4101 805 4171 licuit
816 4099 865 4168 vel
878 4091 1060 4165 breviuevel
1074 4087 1220 4186 prolixius
1231 4079 1440 4180 responderim
1454 4131 1464 4163 ,
1488 4074 1569 4147 sem·

256 4236 373 4377 ffrquc
389 4207 468 4294 milri
481 4206 531 4275 vel
542 4202 691 4297 imprimis
707 4191 949 4296 gmnilatausrm,
973 4187 1096 4286 quoties
1106 4179 1268 4283 gratificari
1279 4176 1337 4247 tibi
1352 4176 1412 4244 ulla
1431 4176 1569 4242 inremi.

283 4311 290 4326 '
307 4331 368 4378 ate
383 4301 566 4403 praeberetur
576 4293 703 4367 occasio.
752 4290 805 4362 Ad
818 4288 981 4387 postrenus
993 4307 1068 4353 vcro
1081 4302 1163 4359 tuas,
1188 4282 1221 4348 in
1233 4273 1346 4374 quibus
1357 4271 1395 4342 dc
1409 4271 1588 4362 lllajoragil·

253 4398 517 4486 lucubrationibus,
527 4391 644 4483 scribis,
670 4391 746 4463 ideo
754 4386 899 4460 hiaena
913 4378 1074 4457 rescribere
1072 4373 1203 4546 ³qlilluli,
1228 4370 1316 4471 quod
1331 4363 1472 4439 nondum
1482 4360 1575 4529 Obili

1130 4497 1150 4566 3,
1350 4515 1352 4518 .
1450 4503 1453 4514 .
1574 4507 1578 4514 ,
