4067 5425
450 327 494 398 16
743 313 1463 392 eL.sAR·RAv11

445 442 481 513 id
493 441 631 540 rofhfier.
680 441 836 513 Ceterum
849 463 921 510 care
933 439 1053 527 credas,
1075 461 1107 509 te
1122 438 1203 540 epod
1216 436 1449 512 lllultrilllmum
1462 433 1615 507 Grotium
1629 458 1757 516 meacm

446 541 564 612 alterius
575 533 750 634 cujusquam
763 562 852 636 cgere
865 561 979 633 opera,
1002 557 1038 606 ut
1052 562 1147 634 quem
1161 537 1201 608 de
1214 557 1246 606 te
1257 537 1400 634 concepit
1412 535 1597 633 opinionem
1609 538 1757 624 retineat,

447 635 989 824 {erendelenorum
1028 632 1582 827 mssiffi‘ffii‘ffi
1596 630 1761 803 &⁰33ss

448 832 578 898 ramum
598 825 688 896 faciet
708 852 725 894 a
744 782 828 895 nire
848 825 887 895 ue
899 828 1011 915 juren
1025 831 1109 896 aer.
1123 851 1219 923 quos,
1242 782 1388 923 {xemprs
1409 849 1447 896 ex
1460 821 1614 912 huonis,
1639 825 1760 921 pase-

448 929 507 995 tim
520 920 754 1007 recentioribus,
777 923 879 1017 petitis
888 922 983 1019 longe
994 918 1071 993 fecit
1085 921 1242 992 auctiores.
1266 926 1439 1020 Sequentur
1451 919 1555 1018 polleo
1561 924 1760 996 VeritesRe-

445 1022 571 1116 ligionis
587 1016 764 1089 Christiurae
779 1040 851 1089 curn
866 1015 1049 1088 testimoniis
1060 1019 1261 1089 luorlentis&
1274 1018 1425 1116 appositis.
1448 1020 1538 1088 Tum
1551 1015 1678 1088 demum
1686 1020 1762 1091 No-

445 1140 483 1186 ια·
492 1120 525 1185 in
534 1117 666 1186 Novum
674 1111 925 1201 Telluoerrrum,
949 1111 1130 1185 &Historia
1137 1117 1259 1212 Belgica
1273 1115 1461 1211 prodibunt:
1485 1113 1603 1186 Frullra
1614 1112 1653 1185 ab
1666 1112 1760 1189 bere-

447 1211 538 1283 dibus
549 1208 608 1283 suis
615 1213 743 1309 gloriam
750 1212 935 1309 expeffirer,
946 1236 1042 1311 quam
1054 1208 1117 1309 ipse
1132 1209 1189 1283 srbi
1203 1209 1374 1309 seculoque
1385 1211 1440 1284 suo
1452 1210 1610 1281 invidillet.
1636 1213 1760 1310 ALey-

448 1306 589 1381 dcnsrbus
603 1306 805 1379 Curatoribus
817 1310 852 1378 in
866 1309 978 1379 Curraei
992 1309 1097 1378 locum
1112 1305 1245 1405 poscitur
1259 1308 1392 1407 jacobus
1404 1304 1619 1379 Gotlrofredus
1632 1312 1761 1408 Diony-

447 1404 483 1477 sri
497 1402 595 1490 filius,
609 1407 665 1503 qui
680 1405 819 1476 Generae
832 1405 911 1476 olim
924 1429 1035 1505 ungue
1048 1401 1651 1504 cumhudcjurispnrdentiamprofeffus,
1659 1404 1765 1503 postea

449 1504 483 1572 in
495 1500 579 1573 urbis
590 1507 734 1574 &mum
747 1521 906 1599 cooptatus
919 1501 980 1573 est:
1004 1527 1097 1669 ff
1112 1527 1219 1573 vereor
1230 1524 1267 1573 ut
1284 1501 1504 1573 Academicum
1518 1498 1693 1599 suggestum
1704 1528 1761 1574 re-

446 1600 483 1670 lit
496 1598 599 1670 denuo
612 1595 823 1670 conscendere.
846 1597 994 1669 Heinsius
1082 1601 1116 1668 in
1130 1601 1174 1669 Ν.
1181 1603 1226 1669 T.
1241 1600 1342 1668 Notas
1353 1600 1386 1668 in
1395 1596 1552 1696 publicum
1566 1597 1689 1695 prodire
1698 1597 1764 1694 pns-

448 1692 495 1766 sus
508 1693 559 1765 eil
609 1695 723 1766 Noluit
734 1692 888 1765 Solnnsrus
900 1716 1066 1765 utranam
1080 1720 1205 1765 manum
1220 1697 1378 1791 imponere
1394 1691 1569 1767 Praefationi
1581 1693 1651 1764 libri
1666 1690 1711 1764 sui
1720 1696 1760 1767 de

450 1790 553 1861 Modo
566 1789 756 1877 Usurarum,
768 1789 869 1860 donec
886 1788 1080 1862 caecidisset:
1103 1793 1169 1862 vult
1180 1794 1267 1862 eninr
1279 1790 1453 1863 istasNotas
1458 1787 1760 1864 sentuociusnotare.

448 1889 537 1959 Vale.
552 1891 623 1972 Luc
640 1893 707 1957 Par.
722 1909 813 1955 xxrx.
827 1890 915 1983 Aug.
929 1910 987 1959 cl)
1007 1909 1060 1958 rx
1075 1909 1185 1957 mex.

866 2037 1257 2114 EPISTOLA
1303 2042 1344 2110 Χ.

542 2184 673 2278 CL.
781 2178 1679 2279 SARRAVIUS

941 2341 1103 2410 mentio
1125 2333 1276 2410 Fabricio.

490 2457 629 2509 Sancemc

461 2561 634 2740 QUare
649 2560 760 2631 relidlis
774 2561 871 2632 Bituri
895 2563 902 2576 ’
974 2619 985 2653 ,
1009 2567 1166 2637 sancerras
1179 2587 1210 2637 te
1223 2566 1387 2665 receperis,
1412 2569 1498 2664 quod
1514 2597 1532 2640 a
1546 2577 1683 2643 Purenno
1705 2596 1766 2643 nu-

553 2685 606 2757 per
618 2658 768 2746 intellexi,
792 2659 876 2730 valde
889 2683 966 2733 arco
980 2686 1017 2733 er
1032 2682 1063 2733 te
1079 2658 1274 2761 cognoscere.
1323 2667 1443 2735 Vereor
1458 2667 1543 2737 enim
1555 2687 1589 2739 ut
1605 2687 1636 2739 te
1649 2665 1767 2767 hospite

455 2757 523 2831 satis
536 2758 666 2854 dignum
676 2753 712 2824 fit
723 2754 796 2826 illud
812 2752 958 2828 castrum:
984 2762 1060 2828 Hoc
1072 2764 1178 2846 enim,
1201 2787 1267 2832 non
1280 2761 1341 2830 elio
1351 2764 1499 2849 nominc,
1512 2790 1560 2834 eas
1572 2766 1769 2862 dignaturSi·

457 2852 607 2951 gebertus.
658 2849 717 2920 Sed
733 2849 808 2948 quid
822 2847 889 2919 illic
904 2852 963 2923 tibi
974 2853 1019 2923 est
1035 2878 1108 2925 cum
1121 2858 1193 2926 loco
1208 2853 1269 2928 sola
1281 2852 1331 2928 sua
1346 2852 1429 2929 fame
1441 2855 1581 2932 famoso?
1605 2864 1693 2957 Qin
1706 2889 1766 2961 po-

453 2956 514 3021 tius
530 2949 608 3020 redis
619 2951 652 3017 in
667 2943 796 3015 urbem?
820 2944 980 3019 Habemus
994 2952 1078 3021 enim
1092 2951 1465 3051 undetelaute&opipare
1479 2959 1671 3056 excipiamus.
1695 2967 1768 3058 Ap-

455 3070 605 3142 ponemus
627 3044 760 3139 primum
781 3042 1042 3116 Exercitationum
1058 3050 1092 3118 in
1105 3049 1151 3118 N.
1166 3050 1210 3118 T.
1222 3047 1318 3120 libros
1331 3053 1462 3146 viginti,
1487 3054 1549 3124 illes
1562 3051 1675 3126 scilicet
1689 3085 1768 3151 nepa-

456 3140 560 3218 Coirur
572 3136 823 3233 incomparabilis
835 3137 966 3227 Herois,
990 3146 1047 3239 qui
1061 3146 1169 3215 Saeculi
1185 3143 1336 3230 Phoenirr,
1360 3148 1620 3222 literarumunrun
1632 3152 1766 3224 decus&

455 3238 615 3320 columen,
641 3240 655 3320 (
664 3237 703 3303 ita
719 3236 805 3303 enim
818 3233 983 3308 Heinsrum
994 3241 1072 3309 velle
1086 3234 1136 3310 sua
1151 3243 1249 3338 plenis
1267 3249 1301 3311 &
1313 3240 1451 3313 distentis
1461 3244 1564 3317 buccis
1580 3247 1693 3319 laudari
1709 3248 1768 3320 do-

456 3355 507 3404 cet
514 3328 670 3403 Salmasius
685 3332 719 3399 in
730 3331 839 3399 eximia
846 3329 1026 3405 Praefatione
1035 3338 1091 3406 De
1099 3337 1201 3408 Modo
1211 3335 1397 3424 Usurarum,
1439 3342 1487 3411 ‘uae
1500 3341 1558 3413 tibi
1570 3346 1628 3414 erit
1637 3369 1694 3440 pro
1700 3344 1770 3416 bel-

457 3433 556 3519 lariis)
580 3429 662 3498 Ecce
678 3424 760 3496 unde
771 3422 892 3496 abunde
907 3427 1062 3503 cesariem
1096 3436 1128 3503 Si
1140 3455 1244 3504 tamen
1260 3435 1336 3505 adeo
1348 3433 1385 3505 fis
1398 3431 1419 3503 f
1458 3436 1567 3510 'diosus
1580 3462 1615 3509 ut
1627 3441 1706 3512 acidi
1713 3445 1769 3513 ali·
1820 3440 1825 3451 ’

479 3526 534 3599 uid
547 3521 709 3596 recreando
723 3518 881 3592 stomacho
894 3523 1045 3621 postules,
1067 3527 1153 3600 dabit
1168 3531 1351 3601 Gronovius
1370 3528 1472 3603 noster
1484 3534 1657 3607 Elenehum
1672 3541 1770 3608 Anti·

457 3553 603 3693 diatribes
616 3620 752 3691 Emerici
765 3619 898 3707 Crucei,
912 3624 946 3691 in
959 3649 1025 3721 quo
1038 3622 1128 3697 miser
1140 3626 1190 3697 illc
1203 3630 1362 3698 crucimius
1369 3628 1453 3697 miris
1462 3635 1579 3727 vapulat
1593 3640 1624 3704 δι
1644 3656 1769 3733 torque·

458 3740 507 3787 tur
517 3719 627 3793 modis.
676 3712 767 3786 Nihil
782 3712 858 3786 mihi
872 3715 987 3790 dudun
999 3722 1113 3793 led'mm
1128 3719 1172 3793 est
1186 3726 1337 3794 amoenius
1350 3721 1410 3794 hoc
1433 3725 1588 3821 postremo
1601 3732 1691 3800 amici
1708 3755 1768 3800 no-

457 3811 511 3883 stri
523 3838 632 3907 opere,
656 3812 741 3908 quod
754 3818 815 3899 jam
826 3809 882 3884 sub
918 3816 989 3887 eaelo
1003 3814 1095 3889 sudet.
1145 3821 1187 3889 Et
1202 3815 1271 3891 sme
1284 3822 1310 3891 is
1324 3817 1385 3906 est,
1396 3821 1767 3919 quipoffit'cumcrudiffi-

459 3912 519 3980 mis
531 3907 568 3979 ad
580 3928 721 3979 aeternam
735 3907 858 4004 aspirare
871 3840 1017 4008 gloriam:
1063 3939 1147 3987 arum
1161 3917 1242 4003 dixi,
1266 3915 1471 4013 quidnienim
1487 3927 1519 3991 δι
1534 3921 1572 3992 de
1580 3924 1680 4021 palma
1692 3948 1770 3992 con-

460 4005 602 4077 tendere?
626 4004 708 4113 Otte
722 4001 843 4077 beatum
856 4028 943 4081 tanto
957 3941 1096 4108 pupuldri
1109 4019 1141 4081 δι
1153 4015 1263 4082 amico.
1311 4014 1383 4110 Ego
1397 4036 1478 4087 certe
1501 4022 1623 4115 utrique
1635 4018 1766 4089 vestrum

461 4099 640 4186 innotuisse,
665 4124 698 4169 m
717 4104 846 4173 maxima
862 4100 1014 4178 felicitatis
1025 4133 1100 4178 met
1109 4130 1192 4206 parte
1204 4133 1333 4204 repono.
1384 4113 1463 4183 Vale
1476 4116 1536 4186 Vir
1552 4114 1722 4188 Cleriffrme
1734 4122 1768 4186 δι

463 4196 665 4271 Amicissrmc.
688 4199 817 4268 Lutetiae
835 4202 924 4274 Paris.
940 4230 990 4277 xv.
1003 4205 1091 4279 Nor.
1104 4228 1162 4278 cro
1185 4227 1374 4289 rocmrx,
1436 4212 1438 4220 '
1467 4200 1470 4209 ’

1671 4504 1773 4578 EPI-
