4067 5425
540 296 1331 377 VrnonqurrsronAE.
1533 319 1605 402 267
1706 293 1712 309 ’

277 437 408 491 erenum
418 417 638 514 Imperatoris,
661 440 728 515 quo
742 412 953 512 subponam,
977 416 1451 517 quaegraviffinuimponisolet,
1476 424 1605 497 &Duei

284 523 320 588 dc
332 512 736 587 tubibellointerdiceremr.
784 508 918 582 Assensrt
931 514 1095 610 Princeps,
1117 512 1312 587 obsidionem
1326 510 1440 605 solvit,
1464 540 1604 593 tormen-

282 613 444 699 taavexit,
469 608 748 695 militemabduxit,
772 606 1111 706 &paffundirnltterec
1167 632 1237 682 erat
1263 609 1350 685 Idem
1365 612 1448 686 bona
1461 613 1603 694 fidecunr

159 746 164 757 ·
284 712 410 779 Senatum
421 704 614 876 papulasque
626 703 805 806 promisrffet
819 758 831 792 ‚
854 730 922 777 non
933 703 1047 779 desiere
1055 705 1093 777 ab
1107 711 1151 779 nl
1176 711 1187 776 i
1204 705 1361 782 sollicitare
1382 708 1465 783 adse
1484 717 1586 813 copias

286 822 353 876 tem
374 830 411 876 us
461 831 494 890 e,
517 826 622 902 patere
637 802 816 877 uurfitmn:
841 824 878 872 ut
894 806 1082 901 interceptus
1095 804 1321 881 tabellariorum
1334 831 1436 895 unus,
1460 814 1549 881 noni
1584 840 1602 884 e

282 907 341 1000 qui
416 901 543 988 docuit,
564 897 939 1001 sedquasferretlitteras:
961 901 1168 975 litteriseuciti
1195 928 1228 974 er
1238 902 1382 1002 ambages
1389 900 1538 1001 profecii'
1562 934 1601 980 uc

284 926 1291 1097 venereprohibentenemine.Gestaautemcumaliaholiiliter‚
1325 999 1492 1086 tumhoc,
1516 1005 1602 1101 quod

284 1099 459 1193 Principem
473 1117 546 1168 cum
558 1092 706 1167 consueto
720 1147 731 1181 ,
754 1114 879 1181 autnon
892 1095 993 1169 multo
1008 1102 1122 1184 majore
1137 1099 1286 1169 comitatu
1302 1099 1383 1167 intra
1392 1097 1601 1198 Sclroningam

282 1195 318 1268 δέ
326 1217 426 1264 arcem
433 1191 625 1291 Guelphiarn
632 1194 751 1291 aliquot
762 1190 905 1288 equitum
918 1191 1027 1261 trinnis
1039 1198 1072 1262 δι
1086 1188 1227 1290 peditum
1240 1191 1418 1264 cohortibus
1427 1194 1525 1266 adorti
1536 1223 1600 1294 pae-

282 1312 324 1359 ne
338 1293 588 1387 interceperunt:
619 1287 672 1361 sod
686 1286 763 1359 dum
776 1286 896 1384 equites
918 1290 1071 1384 impetum
1091 1287 1265 1375 sustinent,
1289 1292 1342 1360 vix
1356 1288 1418 1388 ipse
1430 1288 1600 1366 sslvtueva-

108 1352 145 1395 ''
283 1384 343 1456 stt:
367 1385 431 1458 baec
446 1383 756 1483 illitriumplrabundi
778 1381 944 1481 magnifice
963 1384 1199 1482 pmdicavermt.
1248 1386 1308 1457 Sed
1319 1385 1359 1460 de
1378 1407 1447 1457 toto
1469 1393 1600 1488 negotio

282 1481 420 1554 dillerere
433 1480 559 1553 nonest
572 1484 736 1554 literarum.
786 1481 837 1551 Ut
856 1483 1028 1579 relinquam
1048 1502 1167 1554 catera:
1192 1483 1363 1555 Academia
1377 1509 1395 1553 a
1407 1487 1477 1555 Kal.
1501 1491 1599 1582 Apri-

283 1580 460 1651 lisdemum
550 1598 647 1649 etota
658 1576 793 1675 dilsrpata
805 1574 863 1647 est:
887 1576 1315 1668 nosdomividemurexules,
1337 1585 1399 1668 jam
1411 1577 1515 1652 hostili
1526 1586 1596 1655 vio-

279 1675 381 1747 lentiae
396 1696 477 1772 expo
489 1679 534 1747 rti.
585 1674 645 1772 Ipsr
658 1679 898 1773 enimunquam
904 1676 993 1765 iurati
1005 1678 1040 1745 in
1050 1676 1126 1747 art'es
1135 1674 1296 1762 liberales,
1324 1675 1415 1746 nobis
1427 1698 1486 1774 prae
1492 1683 1597 1753 omni-

280 1768 379 1842 buss
496 1775 631 1845 minuti
645 1769 724 1843 sunt.
773 1778 829 1842 An
848 1795 914 1842 non
937 1798 990 1843 me
1004 1770 1157 1844 meante
1171 1770 1316 1845 miserum
1330 1772 1432 1856 dieas,
1456 1800 1517 1873 qua
1530 1802 1604 1850 non*

279 1869 431 1967 intempel
446 1871 532 1941 irum
539 1867 593 1959 lit,
606 1876 640 1940 ἀ
648 1867 782 1967 optabile
794 1870 913 1965 potius,
921 1865 1038 1965 placide
1048 1871 1291 1969 migrareexvita
1296 1871 1489 1955 mortalium,
1502 1886 1596 1969 quam
1613 1894 1616 1905 ·

137 2002 139 2007 ’
282 1985 370 2038 metu
385 1969 524 2065 torqueri
539 1986 587 2038 tot
594 1969 821 2052 calamitatum,
844 1969 878 2035 in
892 1964 1006 2063 quibus
1018 1968 1145 2037 exilium
1159 1958 1379 2040 &mendicitas
1392 1967 1596 2041 minimasmt.

280 2063 445 2160 Diripiunt
457 2060 526 2135 fine
540 2065 677 2163 reliqua:
701 2061 1074 2161 supelleoiilemlibrolum
1082 2083 1148 2134 tota
1167 2067 1230 2136 vita
1244 2089 1316 2135 com
1337 2085 1472 2149 aratum,
1502 2061 1596 2139 semel

281 2158 431 2257 direptam
442 2187 509 2232 non
523 2185 766 2259 recuperavero,
797 2182 856 2230 nec
870 2184 955 2257 ego,
979 2184 1037 2230 nec
1052 2162 1138 2231 mei:
1172 2160 1296 2259 quodsi
1350 2181 1386 2247 t,
1407 2157 1490 2232 forte
1505 2159 1596 2235 simul
1709 2244 1712 2250 ,
1825 2118 1849 2201 Ἰ

277 2258 438 2329 crudeliter
452 2256 680 2332 trucidabimur.
729 2253 822 2327 Nihil
834 2260 921 2327 enirn
932 2254 1089 2328 mediocre
1099 2257 1215 2356 sperare
1225 2260 1297 2329 lieet
1310 2255 1348 2327 ab
1354 2255 1523 2331 hominum
1531 2261 1594 2330 ini-

276 2353 449 2465 quiffimist
473 2356 529 2467 qui
538 2355 743 2454 quadriennio
750 2350 862 2423 abhinc
875 2374 943 2424 rura
955 2360 988 2423 δι
1003 2354 1115 2451 pradia
1127 2362 1161 2427 tt
1176 2374 1257 2426 arces
1269 2361 1303 2424 δι
1316 2353 1430 2451 oppida
1442 2354 1597 2450 depraeda»

277 2470 325 2569 tr,
348 2450 493 2524 trimestri
505 2454 600 2523 exilio
615 2470 673 2523 noe
690 2453 880 2537 maritarunt,
903 2448 1028 2561 quando
1034 2454 1282 2566 pluriumrerum
1293 2452 1436 2562 jacturam
1442 2447 1595 2525 secianusz

279 2544 951 2743 lllltlssllllltlllffi
957 2543 1118 2715 {llll
1130 2546 1593 2743 idiiffliiiffiliimiffi

280 2765 350 2811 rum
365 2767 405 2812 ne
420 2743 573 2839 aquerela
585 2745 618 2813 in
635 2740 871 2841 disputationem
884 2739 1058 2842 digrediar,
1091 2742 1178 2839 quod
1196 2742 1327 2811 minime
1349 2741 1408 2810 ve'
1453 2793 1465 2826 ,
1495 2739 1593 2815 finem

278 2834 428 2909 scribendi
443 2834 561 2909 faciam.
611 2839 764 2937 Opnrem
770 2838 825 2937 qui
840 2833 1004 2910 animarint
1015 2825 1054 2907 ab
1066 2840 1159 2909 initio
1171 2837 1328 2909 civitatem
1345 2855 1452 2906 contra
1464 2839 1590 2934 aequita-

279 2947 367 3022 tem',
391 2941 425 3005 δι
440 2932 818 3032 copiassubministrarint,
842 2933 968 3006 salubria
979 2933 1104 3021 consilia
1117 2931 1290 3021 dedissent,
1315 2939 1348 3003 δι
1363 2932 1593 3005 ιεῙτιΙιιᾶιιιιί-

278 3028 338 3102 bus
350 3029 585 3129 imposuiiient„
613 3034 699 3131 quod
717 3033 893 3104 audieritate
905 3028 958 3102 fin
979 3051 1146 3129 poterant,
1177 3033 1268 3103 armis
1285 3051 1355 3101 ante
1374 3028 1589 3127 septendecim.

277 3130 398 3200 Vereor
407 3150 534 3214 autern,
559 3149 596 3199 ut
607 3130 697 3201 urbes
706 3154 810 3202 veram
823 3127 1116 3201 historiamminime
1123 3129 1350 3242 cognoverint:
1373 3151 1432 3199 nec
1447 3122 1507 3206 else
1518 3131 1590 3226 opi-

273 3223 1590 3421 maurentionem·

582 3363 593 3409 ,
1335 3375 1343 3390 ,
1575 3365 1592 3376 .

275 3422 338 3490 rint
353 3417 409 3490 seri
424 3425 458 3490 δι
472 3417 653 3512 alleverari,
679 3444 747 3518 quae
763 3427 821 3489 nos
834 3421 891 3489 effe
919 3419 966 3489 ns
992 3445 1055 3490 rma
1068 3423 1221 3490 novimus
1270 3420 1363 3487 Forte
1374 3416 1440 3488 fato
1449 3441 1593 3513 urgemur
1719 3429 1734 3458 ⁸

275 3540 334 3585 nos
348 3519 465 3603 etiarn,
489 3529 525 3585 ut
544 3519 697 3616 Belgium.
745 3513 905 3613 Egosrde
918 3514 1026 3586 officio
1045 3515 1246 3628 &dignitate
1270 3515 1449 3608 Principum
1471 3520 1505 3582 δι
1528 3513 1593 3584 Cia
1738 3597 1742 3604 ἱ

276 3613 406 3683 vitatum
433 3610 586 3700 scribam,
622 3631 691 3712 quat
719 3611 822 3685 sedulo
849 3611 888 3681 ab
916 3615 1005 3683 annis
1024 3616 1102 3710 quin
1127 3631 1252 3710 uagmta
1284 3601 1499 3696 consideravi,
1532 3635 1591 3682 nec

275 3706 316 3777 ab
334 3712 481 3780 alterutris
503 3733 649 3809 magnam
672 3712 774 3782 ineam
803 3710 954 3805 gratian,
985 3729 1043 3780 nec
1073 3639 1132 3781 niir
1160 3709 1263 3806 paucis
1285 3761 1296 3793 ,
1328 3729 1397 3803 quat
1408 3731 1480 3777 vera
1495 3714 1528 3776 &
1542 3732 1592 3777 re-
1617 3787 1623 3792 ¹

275 3806 324 3876 Ota
337 3804 407 3875 sunt
422 3804 514 3898 (sunt
528 3827 630 3879 autem
642 3833 710 3878 non
726 3803 785 3878 nist
799 3829 868 3905 quae
884 3806 922 3876 ad
942 3805 1099 3904 publicum
1118 3801 1245 3878 salutem
1263 3802 1424 3891 tendunt)
1447 3801 1591 3900 probem.

274 3903 513 3975 Eorumtamen
530 3926 561 3975 tc
576 3908 685 4003 tuique
697 3904 808 3977 similes
827 3897 966 3974 censores
979 3901 1091 3977 feram·
1140 3901 1183 3972 Et
1198 3899 1427 3987 taliaabonis,
1460 3906 1588 4000 quot&

273 3995 428 4098 sapientia.
445 4000 579 4088 erudiit,
609 4008 643 4073 δι
661 3999 730 4096 usus
749 4003 861 4098 partim
882 3999 1059 4071 emendavit
1079 4053 1090 4085 ‚
1120 4002 1231 4096 panim
1254 3995 1459 4070 confirmavit
1515 4004 1589 4068 Pru·

275 4109 321 4167 v'ae
334 4099 421 4168 enirn
442 4100 632 4193 opiniones,
662 4098 784 4170 utilunt
821 4097 949 4196 lemque
962 4100 1012 4168 in,
1063 4098 1138 4196 pulo
1159 4093 1226 4186 fere
1239 4098 1414 4184 annium,
1446 4120 1515 4166 non
1533 4117 1589 4191 pa·

273 4196 384 4282 riunt,
409 4192 467 4266 nisr
478 4197 558 4266 mala
571 4194 716 4270 consuia:
739 4123 823 4290 pmii
837 4219 884 4263 res
896 4194 975 4265 male
1061 4191 1189 4294 inistrari
1205 4188 1385 4264 neeell'eest:
1410 4192 1496 4289 quod
1514 4205 1587 4260 curn

274 4288 328 4378 fit,
354 4309 505 4376 tumvero
517 4299 602 4372 πλείη
616 4293 721 4386 privil?
736 4300 824 4366 πῖισιι
837 4299 933 4362 maele
949 4307 964 4377 ,'
986 4292 1072 4371 rude
1085 4286 1120 4361 ll
1133 4291 1295 4362 terma:
1319 4293 1440 4360 Verum
1454 4283 1588 4356 vestrum
1653 4299 1657 4308 '

273 4377 1588 4489 quihoepraellarevaleant,iisvelanegotilsreipublicu,uclacutationereidomesti

324 4527 326 4530 ·
938 4487 982 4557 Ll
1008 4511 1026 4556 2

1543 4500 1587 4546 ΕΞ
