4067 5425
455 329 530 407 344
681 310 966 382 Cunnr's.
1019 330 1092 383 nr
1146 303 1571 376 Doorrssru.

457 426 556 506 ¹ciant,
584 424 750 495 cautiorem
757 446 859 494 tamen
867 425 899 493 in
911 420 1070 522 posterum
1086 418 1224 492 reddent.
1272 419 1315 488 Et
1327 442 1417 505 vero,
1442 416 1608 516 srnnquntn
1622 437 1773 490 anteacu⁴

463 543 495 588 ra
509 519 666 590 sollicitior
678 547 696 590 a
707 546 758 591 nie
772 516 980 614 adhibebitur,
1003 537 1039 587 ut
1052 520 1200 614 optimam
1212 516 1284 609 juris
1291 514 1460 585 editionem
1472 513 1642 585 habeamus.
1692 519 1770 586 Haec

463 614 1004 713 mihivindidlaatqueultiodemeis,
1024 616 1166 684 nonalia:
1191 615 1225 682 in
1233 607 1527 683 hocunototussunt
1534 665 1545 699 ,
1564 612 1771 699 rniGentilis,

464 709 822 807 quodconfidentiustibi
832 709 956 797 indico,
981 729 1091 780 comte
1100 734 1210 806 cupere
1222 705 1295 778 scire
1307 706 1524 778 derebusmeis
1540 709 1772 780 inimatuatum

463 831 533 877 cera
542 805 695 877 rescribas:
721 829 817 903 atego
832 807 966 876 invicem
979 831 1057 877 aveo
1071 831 1108 876 ex
1123 827 1154 875 te
1177 805 1358 901 intelligere,
1408 828 1445 874 ua
1465 801 1528 873 fine
1541 807 1696 902 augeretis
1715 803 1774 874 hoe

466 927 532 972 non
544 903 642 973 solum
657 905 766 972 animis
777 900 826 970 sed
840 909 874 971 dc
884 903 960 973 locis
975 909 1009 972 δι
1023 899 1203 999 corporibus
1214 829 1476 988 conjundirllmos
1489 896 1566 970 fore.
1611 903 1666 971 De
1679 899 1772 971 Frista

465 997 544 1068 haud
557 996 750 1067 diffimulabo
758 1052 769 1084 ,
791 995 882 1067 semel
896 1021 925 1067 at
948 1025 987 1069 ue
1001 1003 1112 1068 iterum
1127 995 1166 1068 ab
1181 994 1354 1068 Ordinibus
1373 993 1461 1066 millo
1474 996 1546 1066 inid
1558 993 1635 1066 milti
1647 995 1774 1068 tabella·

466 1097 514 1164 rio
530 1089 722 1192 solicitlinrm
737 1119 788 1164 me
800 1088 904 1165 fuisse:
926 1025 977 1166 led
992 1096 1178 1166 mutationes
1190 1091 1251 1163 iste
1275 1099 1324 1181 (ut
1336 1090 1400 1179 scis)
1423 1090 1501 1162 mihi
1517 1095 1646 1191 longum
1723 1118 1773 1195 ⁴en

466 1189 588 1262 familiae
601 1186 746 1275 nubenti,
770 1215 836 1260 non
852 1193 893 1260 ita
906 1191 1052 1287 expeditae
1064 1214 1098 1260 ac
1111 1188 1213 1260 faciles
1228 1217 1239 1272 3
1262 1213 1421 1285 nunquam
1435 1184 1521 1272 sone,
1545 1187 1601 1259 nist
1619 1117 1774 1260 adeleita

465 1289 499 1357 in
514 1288 622 1357 melius
630 1282 705 1373 sint,
730 1285 839 1385 dequo
850 1307 952 1358 tamen
967 1283 1045 1358 mihi
1060 1307 1127 1357 tum
1140 1287 1256 1380 liquere
1271 1309 1337 1354 non
1347 1287 1458 1379 potuit.
1506 1288 1557 1354 Sic
1571 1282 1667 1355 diffisa
1680 1281 1772 1356 caussa

465 1381 526 1470 est,
541 1380 946 1478 cujusmaturandaepotestas
954 1408 1045 1480 penes
1053 1386 1168 1480 eosqui
1176 1401 1296 1452 vocant.
1343 1378 1776 1480 ldsrtibiaugutiunrest,se·

465 1481 600 1647 {iiiii
613 1499 730 1646 llil
741 1479 823 1741 {lii
828 1475 1776 1672 diffiniliid‘i‘iesssslsslidSSSSSSS

465 1668 572 1743 facere.
623 1674 676 1742 Sin
683 1673 742 1740 eliu
769 1669 813 1741 est
826 1671 941 1768 quoda
1052 1697 1091 1755 is,
1115 1693 1230 1741 mature
1242 1689 1398 1741 monitum
1411 1669 1513 1741 voles:
1537 1670 1659 1742 Provisa
1672 1672 1773 1740 minue

425 1818 429 1824 -
466 1764 592 1839 ferient:
616 1765 951 1837 srctamenutnon'nisr
981 1764 1654 1838 dissimislrominibusliterastuascomrnittas.
1701 1769 1778 1837 Bre-

465 1863 607 1935 derodius
621 1861 724 1933 noster
735 1862 874 1934 Genevae
889 1863 931 1932 est
945 1916 956 1949 ,
980 1884 1132 1961 aparente
1141 1860 1299 1934 seneerutis
1313 1860 1474 1933 allevandae
1488 1858 1572 1933 causa
1585 1865 1704 1933 accitun
1735 1867 1776 1933 Se

466 1968 482 2046 (
489 1963 536 2030 uti
542 1985 610 2031 mea
616 1961 725 2055 opinio
733 1957 777 2029 est
790 1961 933 2055 loptinto
942 1967 976 2028 dc
992 1957 1183 2030 meritissimo
1195 1955 1443 2055 senipraesentenr
1458 1957 1551 2034 dabit.
1564 1960 1597 2027 Si
1610 1958 1649 2030 ad
1657 1983 1776 2029 nosve-

465 2060 565 2140 nerit,
589 2053 715 2140 faciam,
739 2076 774 2124 ut
793 2060 826 2127 in
838 2051 1111 2130 transerulutuisrt
1119 2081 1262 2142 memor,
1286 2053 1776 2126 dumtenecrnolestislirneconr-

466 2154 567 2248 pellet.
614 2153 702 2221 'suas
715 2154 840 2223 interim
862 2150 1053 2249 cupidissime
1075 2151 1258 2248 expeditbor
1283 2150 1426 2221 nonnihil
1446 2155 1531 2221 enim
1551 2147 1778 2248 suspiciunculae

466 2250 547 2318 circo
557 2249 664 2344 Belgas
668 2255 728 2339 jam
741 2245 875 2319 movisti.
924 2250 1024 2318 Valeo
1032 2250 1077 2318 mi
1086 2245 1263 2321 anticiffime
1276 2249 1403 2344 Scipio,
1426 2252 1459 2316 dt
1467 2270 1517 2316 me
1530 2271 1588 2341 pro
1601 2249 1778 2317 animorum

466 2342 677 2415 &lbrdiorum
688 2347 858 2438 gentilitate
870 2346 1035 2414 communi
1044 2340 1160 2416 utsoles
1169 2344 1360 2440 amplediere.
1382 2343 1569 2441 Argentinae.
1593 2367 1662 2412 xxx.
1677 2344 1776 2439 Junii.

464 2463 524 2509 cro
541 2465 574 2512 12
589 2465 664 2510 xcvi
675 2465 702 2509 1.
726 2439 1054 2536 Illudpraetermileratn
1082 2466 1160 2526 ene,
1174 2435 1780 2536 tuasv11.Juniiperlcriptasxxvr.ejus-

465 2536 539 2610 dem
545 2535 673 2608 redditas
678 2535 758 2608 inihi
772 2534 921 2635 fuisleper
933 2540 980 2607 D.
990 2467 1192 2608 [obbertum.
1206 2537 1330 2607 Moram
1337 2539 1403 2608 latis
1414 2538 1622 2632 importunam
1634 2536 1730 2607 viden

723 2688 728 2698 ·
866 2649 1255 2725 EPISTOLA
1302 2653 1389 2720 XII.

510 2756 1774 2917 scrn1oNrGENT1L01.S.D.“

784 2962 789 2969 ·
917 2929 1080 3027 Diotqfias
1101 2924 1314 3021 Gothoftedus.

465 3024 794 3268 Kilblds'censate
807 3098 885 3173 inihi
897 3099 1130 3172 commendatus
1143 3121 1208 3172 tuas
1221 3098 1283 3197 ipse
1298 3099 1377 3171 mihi
1390 3101 1529 3174 reddidie
1567 3102 1671 3175 Probe
1684 3128 1775 3176 com·
1826 3068 1830 3079 Ι

551 3186 827 3299 mendarum'puta,
852 3205 934 3269 ut&
948 3199 1022 3268 alios
1036 3198 1093 3294 qui
1105 3201 1166 3268 tois
1179 3199 1272 3269 liten's
1285 3195 1422 3268 irrlitusti
1436 3197 1604 3296 posthacad
1616 3226 1667 3272 me
1679 3227 1775 3273 vene·

272 3348 280 3355 .
349 3348 361 3371 ,
464 3295 537 3363 tint.
586 3291 727 3367 Estinter
737 3320 812 3383 nos,
836 3295 943 3380 video,
966 3297 1076 3394 genius
1091 3295 1217 3393 quidam
1232 3318 1409 3366 communis
1416 3346 1427 3381 ,
1451 3297 1506 3392 qui
1518 3294 1689 3369 sbrdionrm
1702 3323 1778 3370 mo·
1853 3318 1855 3321 ’

359 3402 363 3411 ’
464 3414 596 3488 rumque
620 3390 814 3465 similitudine
838 3417 896 3461 nos
917 3393 1087 3482 conjunxit
1135 3392 1211 3461 Hoc
1233 3395 1336 3489 itaque
1351 3389 1410 3462 tibi
1424 3412 1509 3461 certo
1531 3391 1692 3491 persuade,
1721 3421 1775 3467 me
1856 3436 1861 3445 ·

261 3521 276 3556 x
328 3537 334 3546 -
464 3487 552 3577 χρῆσά
567 3496 591 3589 ᾖ
608 3488 883 3562 nelrlmurnelle.
933 3484 1584 3576 lstiebellimetunrmaxinrunreslesctibis3
1607 3489 1775 3563 sedinbel-

464 3584 497 3652 lo
504 3608 583 3679 pene
590 3584 693 3658 nostra
704 3594 765 3675 jam
776 3580 945 3671 Gdliaest,
970 3582 1028 3653 nisi
1035 3608 1105 3654 mos
1117 3583 1156 3655 ad
1170 3583 1286 3683 aliquid
1295 3583 1488 3683 Principibus
1502 3589 1620 3674 multis,
1643 3590 1698 3686 qui
1710 3586 1776 3659 loe·

466 3678 646 3753 durintetse
659 3683 737 3753 boni
751 3683 868 3780 publici
879 3679 964 3751 causa
976 3678 1075 3751 iniisse
1087 3679 1244 3769 dicrtnmt,
1266 3700 1397 3776 geratin,
1444 3684 1776 3778 Speranttamenmulti

464 3798 530 3845 rein
544 3798 640 3849 totam
653 3779 738 3850 brevi
751 3776 955 3877 compositum
968 3778 1024 3862 iri,
1046 3778 1075 3847 le
1114 3780 1153 3848 tis
1167 3803 1240 3848 eum
1253 3780 1288 3846 in
1302 3775 1398 3847 finem
1412 3778 1532 3877 aRege
1544 3780 1582 3851 ad
1596 3782 1775 3851 unitosillor

362 3877 367 3885 '
463 3873 621 3967 Principes
637 3875 741 3946 missin
783 3882 868 3946 Inter
881 3877 995 3972 legatos
1002 3872 1087 3945 estT
1109 3871 1593 3970 uanus,BoilI'1suu&Janinius.
1614 3879 1774 3948 Homines

464 3966 723 4067 cordatipacibue
736 3971 861 4044 studiosi
875 3997 985 4041 omnes
995 3969 1083 4058 sunt,
1106 3967 1208 4041 nostra
1221 3972 1348 4066 quidem
1356 3971 1444 4068 quod
1454 3974 1576 4061 attinet,
1601 3972 1769 4071 &quidem

462 4065 586 4158 privata.
635 4069 745 4138 Vicini
756 4068 848 4139 vestri
861 4066 1057 4165 Neoburgici
1074 4073 1166 4138 ternis
1179 4064 1311 4162 velisque
1328 4064 1435 4139 futiofi
1452 4070 1487 4138 in
1500 4094 1598 4141 unum
1609 4095 1667 4167 pro
1720 4095 1773 4141 me
1800 4080 1804 4083 “

463 4153 617 4250 struunt,
640 4189 712 4235 curn
727 4168 834 4261 primis
845 4189 919 4236 vero
931 4164 1049 4248 senior,
1071 4162 1229 4234 Zesclinus
1239 4159 1368 4248 scilieet,
1391 4176 1498 4235 meum
1511 4167 1547 4236 in
1559 4188 1648 4263 caput
1672 4168 1774 4237 aevitet

462 4256 629 4332 admodum
636 4259 807 4332 bacchatur.
853 4264 915 4332 His
921 4259 1068 4330 nundinis
1076 4260 1238 4355 prodromi
1246 4260 1311 4329 mei
1325 4257 1519 4332 defensorem
1528 4266 1664 4359 primum
1677 4259 1773 4333 lnbe-

463 4351 531 4426 bis:
554 4355 750 4459 sequentibus
764 4383 839 4453 veto
852 4410 864 4445 ,
887 4357 1013 4432 siDeus
1033 4358 1126 4431 vitam
1139 4352 1218 4429 nubi
1232 4351 1341 4430 fecerit
1349 4409 1362 4447 ‚
1384 4352 1552 4457 sequentes.
1598 4360 1773 4460 Septimum

1692 4479 1776 4555 quo-
