4067 5425
404 306 469 400 '7‘
635 289 923 367 Curare.
972 306 1048 357 rar
1092 278 1525 354 Docrtssru.

418 408 1142 539 quidemlongislirmslieerar‚nuu&idemipse
1155 407 1287 522 faemms
1299 435 1400 524 man,
1421 407 1740 508 nilimenuntlmjam

419 540 535 637 iteum
544 510 981 629 atque—irmunmmpelaslee
1005 514 1094 583 Vale.
1118 507 1741 589 AvemonetemoxuendasNovmbfss,

825 688 1330 767 Eamroaart

422 829 1054 937 FRANCHCO
1135 824 1511 926 CALVQ
1605 830 1742 932 &R

917 995 1069 1070 Andreas
1091 998 1251 1070 Arciam.
1341 1039 1346 1051 .

464 1108 588 1167 Romam,
879 1128 886 1149 ι

516 1196 581 1284 Idi,
597 1195 696 1267 Calue
706 1196 812 1267 muno
825 1214 897 1264 meo
909 1186 1075 1290 gratillune
1082 1242 1094 1276 ,
1109 1214 1184 1288 quas
1202 1187 1241 1261 ad
1253 1213 1303 1261 me
1313 1188 1412 1261 literas
1423 1186 1547 1275 dedisti,
1562 1187 1748 1289 ffiutmtque

515 1316 580 1365 tam
591 1292 684 1365 nobis
698 1316 790 1377 tara,
813 1298 909 1361 ut'eas
922 1283 986 1358 fere
997 1289 1114 1356 centies
1124 1288 1273 1385 legerim,
1304 1282 1509 1385 osurlamsque
1523 1282 1643 1358 [inim
1692 1287 1749 1358 Li.

435 1389 758 1502 beteacredere,qttae
770 1381 1054 1459 denominisnostri
1066 1384 1164 1481 gloria
1175 1384 1332 1481 propagati
1415 1382 1750 1485 ueadextremumo.

437 1513 569 1562 teanum
585 1483 724 1557 retulisti.
754 1481 889 1557 Sedvide
903 1504 944 1549 ne
955 1481 1070 1549 nimius
1082 1503 1170 1548 amm
1175 1531 1187 1565 ,
1201 1503 1267 1577 quo
1279 1408 1546 1578 memequeris,
1561 1500 1593 1550 te
1608 1478 1748 1577 decipiat.

437 1588 519 1659 Non
534 1586 619 1655 enim
631 1602 662 1653 te
675 1583 762 1668 latet,
785 1579 901 1650 idcirco
912 1599 1028 1645 cacum
1047 1572 1126 1673 fingi
1138 1574 1347 1670 Cupidinem,
1376 1574 1463 1672 quod
1474 1573 1518 1646 ob
1530 1577 1664 1647 nimium
1677 1572 1752 1647 affe·

436 1685 523 1754 flum
534 1699 667 1751 amantes
678 1704 745 1749 non
759 1674 890 1746 videant
1009 1674 1015 1687 '
1030 1676 1065 1741 δι
1077 1669 1258 1768 perlibmter
1276 1669 1355 1742 Zasri
1367 1673 1553 1768 exemplaria
1600 1675 1662 1742 Vir
1674 1671 1754 1743 mihi

439 1779 547 1850 doctus
559 1775 693 1859 videtur,
718 1770 767 1844 sed
781 1771 838 1868 qul
847 1677 1022 1839 ummllrll
1032 1766 1127 1837 nimis
1138 1766 1258 1839 tribuat
1307 1767 1430 1839 Pollem
1440 1769 1545 1839 multis
1555 1767 1704 1841 medelam
1711 1769 1750 1839 il-

438 1877 518 1962 lam,
542 1873 676 1972 quamin
688 1869 761 1962 juris
775 1866 873 1937 civilis
886 1861 1009 1936 fastidio
1025 1862 1149 1935 adhibet
1162 1916 1173 1949 ,
1199 1862 1389 1962 improbare:
1414 1861 1463 1935 sed
1476 1864 1553 1963 quid
1561 1864 1625 1936 liaec
1638 1891 1699 1965 ego
1714 1862 1753 1936 ad

436 1978 490 2043 te?
514 1968 591 2041 illud
602 1987 692 2037 ttuun
704 1962 755 2035 eil
788 1962 1025 2059 Qaepraconia
1037 1958 1328 2032 dqumorbacchii
1340 1959 1379 2031 de
1390 1985 1442 2031 me
1454 1965 1678 2034 meminenmt:
1701 1984 1755 2032 cur

439 2068 492 2140 hic
506 2063 642 2136 subditos
655 2082 724 2132 tuos
737 2084 804 2130 non
815 2068 966 2139 conuocat
979 2064 993 2129 i
1016 2059 1154 2156 legiones
1164 2054 1340 2153 pedant'uun
1355 2081 1421 2127 non
1434 2055 1581 2130 inſtruis?
1605 2083 1644 2129 an
1657 2060 1755 2155 prime
1878 2114 1885 2127 .

441 2167 480 2235 in
493 2164 589 2246 linea,
619 2154 918 2229 Archillamedialem
931 2177 1020 2226 mum
1034 2151 1220 2224 Priscianum
1231 2155 1327 2251 capite
1339 2156 1456 2248 percuti
1472 2152 1573 2225 sane?
1588 2176 1760 2253 utcumque

444 2258 499 2345 lit,
512 2254 603 2327 laudo
614 2256 794 2339 inventam,
815 2259 849 2324 &
863 2251 1027 2329 hominem
1038 2253 1118 2321 colo.
1149 2251 1217 2321 Cur
1230 2248 1268 2320 ad
1281 2275 1356 2320 eum
1366 2246 1543 2336 scriberem,
1566 2248 1627 2323 vila
1639 2249 1757 2322 nonest

442 2350 530 2425 eausa
542 2406 553 2441 ,
577 2347 737 2449 presertim
751 2373 824 2419 cum
835 2346 1037 2446 superioribus
1050 2344 1202 2418 mmlibus
1212 2344 1250 2417 ad
1260 2371 1332 2417 eum
1345 2341 1510 2443 scripserim
1526 2397 1537 2430 ,
1572 2350 1764 2542 maurillii

444 2447 572 2521 buldam
587 2448 784 2518 Germanicis
796 2447 908 2532 literis,
927 2470 1001 2542 quas
1017 2442 1109 2515 frater
1121 2464 1191 2514 tetus
1202 2440 1373 2515 Mediolani
1386 2440 1464 2513 mihi
1476 2440 1625 2531 ostendit,
1694 2446 1700 2459 '

444 2548 545 2619 liceras
564 2543 603 2615 ad
614 2569 664 2614 me
676 2539 785 2614 dedille
800 2541 921 2613 Zasmm
935 2538 1156 2612 continebam.
1204 2535 1321 2611 Nescio
1338 2563 1378 2609 an
1395 2561 1458 2609 tam
1477 2536 1605 2611 fideliter
1623 2565 1698 2612 mee
1721 2539 1762 2612 ad

448 2664 523 2715 eum
533 2640 634 2714 delatae
648 2635 779 2725 fuerint,
803 2637 879 2709 ficut
890 2636 928 2709 ad
942 2663 993 2708 me
1007 2636 1064 2709 sua
1080 2664 1088 2707 ε
1113 2631 1174 2734 ipse
1185 2658 1265 2707 certe
1277 2633 1420 2706 haetenus
1432 2635 1529 2706 nullas
1540 2635 1618 2730 vidi
1663 2635 1761 2735 Qud

448 2742 484 2813 in
496 2739 663 2811 Hercinios
676 2732 762 2807 laltm
767 2736 872 2807 venire
883 2733 1066 2819 decreveris,
1088 2758 1155 2804 non
1191 2731 1269 2804 robo
1283 2731 1444 2814 consilium
1449 2752 1538 2804 tuum
1540 2787 1553 2821 ,
1576 2732 1765 2808 dehorarer·

495 2832 707 2920 eadmodum,
731 2759 1256 2930 nifitufortallejmnlagrellises.
1279 2826 1590 2903 Mecertearbitroae
1636 2826 1767 2902 ‘umis-

436 2860 495 3004 iri
505 2958 543 3005 ex
555 2933 701 3002 Rauracis
710 2928 791 2998 rem
810 2930 845 2998 in
858 2929 977 2999 ltaliam
990 2926 1087 2998 redire
1099 2980 1111 3013 ‚
1140 2924 1402 3023 sunicremataque
1425 2927 1546 2998 Minitii
1646 2925 1767 3014 videre,

453 3034 488 3100 &
496 3052 621 3124 campos
630 3023 792 3115 ubiTroja
803 3019 872 3094 fuit
897 3025 1003 3122 Opera
1013 3049 1083 3095 met
1091 3025 1163 3112 juris
1175 3023 1290 3107 civilis,
1302 3045 1357 3091 cur
1370 3023 1455 3094 allata
1467 3020 1684 3095 Bdileamnon
1696 3020 1769 3096 fite·

452 3117 686 3196 rinthaudsetis
698 3116 770 3191 scio.
818 3122 920 3193 frater
936 3118 995 3191 tibi
1015 3117 1167 3219 rogmdus
1187 3114 1270 3203 fuit,
1301 3115 1362 3214 ipse
1374 3116 1430 3188 hae
1449 3121 1484 3188 in
1498 3116 1768 3218 renilulpollum

441 3219 543 3292 -Nam
556 3242 630 3288 cum
647 3218 745 3287 literae
757 3236 823 3287 mas
835 3219 955 3314 accepi,
977 3218 1146 3288 Avenione
1159 3239 1241 3285 eram
1254 3266 1265 3298 ,
1289 3239 1350 3311 qua
1363 3216 1398 3283 in
1410 3212 1487 3284 urbe
1496 3222 1543 3308 jus
1552 3217 1642 3289 civile
1655 3210 1771 3314 septin-

444 3317 558 3418 'gentis
569 3310 756 3384 auditoribtu
770 3310 933 3410 profiteor,
947 3310 1002 3383 sub
1011 3309 1162 3409 stipendio
1167 3335 1272 3382 mnuo
1278 3306 1468 3408 scutorumq
1492 3314 1499 3328 '
1584 3333 1695 3385 comm.
1727 3314 1771 3383 Et

457 3434 493 3485 tu
509 3412 625 3509 alioqui
640 3410 775 3495 auritus,
799 3407 1074 3508 oculatillinmsque
1087 3411 1135 3478 vir
1150 3432 1217 3478 non
1231 3404 1345 3479 senlisti
1355 3336 1637 3496 munnuamlza,
1656 3410 1772 3481 Alciati

458 3534 576 3581 nomen
589 3504 849 3578 exAveuimtenli
863 3504 963 3591 urbe,
993 3529 1051 3576 ceu
1064 3530 1102 3577 en
1114 3504 1314 3579 arcePalladis
1327 3529 1381 3601 per
1392 3529 1446 3575 ora
1466 3503 1631 3577 hominum
1645 3505 1778 3577 dilatan-

460 3608 519 3676 tis?
542 3607 600 3674 Tu
613 3598 713 3701 quzso
725 3602 945 3702 negligentiam
958 3599 1037 3671 hanc
1052 3623 1137 3671 tuan
1151 3621 1281 3687 excute,
1305 3605 1342 3671 &
1356 3627 1407 3671 me
1422 3600 1608 3674 demaximis
1620 3597 1772 3674 minimis·

447 3725 526 3798 ›que
539 3698 629 3769 rebus
640 3700 701 3770 tuis
714 3694 762 3768 fat
778 3701 955 3785 tertiorum,
979 3704 1013 3769 δι
1028 3696 1363 3794 inprimisnotulamad
1375 3724 1426 3769 me
1437 3702 1544 3785 mitte,
1559 3725 1620 3796 qua
1629 3701 1775 3770 omnitun

341 3814 345 3822 '
460 3820 569 3868 eorum
582 3794 732 3865 libronmi
745 3797 974 3866 nomenclatura
986 3796 1199 3879 contineatur,
1266 3817 1302 3865 os
1318 3792 1357 3863 al
1370 3791 1468 3866 stuclia
1479 3821 1548 3866 mea
1563 3794 1678 3894 aliquid
1692 3792 1778 3867 face«

466 3917 499 3963 re
511 3887 624 3975 credis,
635 3895 668 3960 u
681 3910 800 3987 quoatu
812 3916 849 3961 ex
862 3892 1036 3963 Germania
1046 3888 1177 3960 attililli
1209 3894 1223 3958 1
1251 3885 1778 3988 utfaciasquamprimum,teetiam

464 3986 754 4085 atqueetiamrogo,
768 3983 974 4058 &obsecm&
988 3984 1132 4059 obtestor.
1160 3987 1261 4055 Frater
1268 3985 1345 4056 mihi
1352 4007 1421 4056 tuus
1428 3990 1470 4057 ita
1482 3986 1712 4059 commendatus
1723 3986 1783 4076 est,
1886 4057 1901 4086 ‚

465 4102 614 4182 atquem,
721 4075 819 4151 fratris
830 4083 902 4153 loto
913 4081 1029 4155 habeo,
1046 4082 1126 4153 Vale
1132 4081 1230 4153 Calve
1242 4085 1304 4152 Vir
1316 4083 1484 4154 multorum
1490 4081 1696 4156 hominum&
1709 4111 1795 4156 mo-

465 4206 536 4254 mm
550 4185 584 4250 &
654 4178 720 4247 ium
730 4173 876 4274 speciatur
889 4232 900 4265 ‚
922 4185 957 4251 &
975 4178 1061 4279 quod
1071 4181 1228 4260 Homerus
1238 4177 1276 4254 &t
1286 4177 1388 4251 Ulisse
1401 4181 1447 4251 eit
1463 4181 1664 4282 muriam.
1694 4186 1790 4253 Ave-

470 4280 567 4368 uiune
579 4272 684 4360 ldibtu
696 4272 882 4352 Decembris
906 4298 937 4354 m
958 4299 986 4349 n
1008 4297 1103 4354 atur.

1703 4476 1797 4550 EPl*
1829 4481 1832 4490 “
