4067 5425
441 266 482 344 52
740 239 1531 314 CLSARRAVM.

444 328 746 458 nechilumproseci.
793 360 907 430 Facete
921 386 987 433 non
1001 364 1090 459 potui
1104 363 1183 460 quin
1196 355 1282 431 hasce
1295 354 1477 430 nobilissmi
1488 356 1608 449 juvenis
1620 361 1654 429 δι
1666 355 1769 430 cnidi-

445 459 553 530 tiffimi
565 458 616 557 Jo.
632 457 770 555 Georgii
782 454 942 545 Richteri,
966 459 1004 530 ad
1016 481 1048 529 te
1060 485 1206 529 curarem.
1256 459 1290 527 Si
1302 481 1364 554 qua
1373 462 1475 547 juvate
1489 478 1577 552 potes
1590 463 1655 545 ejus
1670 453 1769 527 studia

445 554 548 656 quaeso
561 552 707 639 rescribe,
731 576 937 651 magnamque
957 555 1043 628 ame
1054 566 1183 657 gratiam
1201 556 1337 624 invieris.
1385 552 1427 622 Et
1439 547 1508 622 fane
1525 551 1569 623 est
1581 556 1631 624 ille
1647 550 1670 622 fi
1685 547 1771 651 quis-

472 657 602 725 uamtui
614 651 779 722 admirator
792 652 936 723 summus.
986 650 1191 725 Nihilhabeo
1208 650 1294 750 quod
1308 649 1426 721 addam.
1475 651 1566 720 Num
1580 648 1772 746 possunrpe-

446 680 520 838 des,
545 775 672 836 manus,
697 754 806 844 caput?
830 773 907 819 num
922 747 1046 847 possunt
1057 754 1192 822 omnia?
1215 747 1393 844 Expedabo
1407 750 1579 845 ateprima
1613 745 1773 845 uaquedie

472 843 669 920 rohiscenon
678 847 805 939 prolixis
812 898 823 932 ,
845 848 940 943 longe
949 848 1132 935 uberrimas,
1146 846 1259 946 quibus
1269 845 1309 915 de
1317 774 1696 930 valentudinetuadlatu,
1720 867 1773 914 re·

447 873 524 1032 dus,
550 940 744 1038 consiliisque
757 945 791 1012 in
806 939 962 1038 posterum
977 948 1037 1017 tuis
1050 944 1164 1015 affatim
1181 941 1333 1014 monebis.
1386 946 1513 1012 Interim
1520 942 1601 1026 vale,
1629 953 1658 1012 dc
1672 939 1773 1010 sinte-

447 1062 776 1208 diffidis·
795 1039 1778 1234 ..diffidisiids²dii.fissf”330¹i²ssssssaidi²dffi

450 1232 515 1305 stro
529 1231 720 1330 Offilegulo,
745 1258 845 1331 rogo,
868 1234 983 1333 flagito.
1034 1241 1066 1307 Si
1084 1233 1261 1334 epistolium
1274 1232 1438 1319 addideris,
1463 1232 1563 1302 &hoc
1572 1235 1775 1328 ipsumrogo,

454 1338 488 1401 dc
498 1327 605 1429 quaeso
619 1333 800 1428 impetrem:
825 1334 940 1405 Audeo
954 1331 1104 1431 spondere
1119 1333 1259 1404 futurum
1273 1352 1303 1400 te
1319 1333 1362 1400 illi
1376 1327 1493 1429 semper
1500 1352 1535 1399 ur
1544 1332 1621 1399 olim
1629 1324 1778 1398 amicissi-

453 1454 561 1501 mum:
585 1428 661 1501 vale.
709 1431 791 1502 Prid.
806 1430 878 1501 Idus
893 1433 1048 1502 Decemb.
1073 1456 1132 1503 (ιο
1152 1452 1205 1501 roc
1219 1451 1305 1498 xiii
1319 1453 1345 1496 1.

848 1548 1236 1623 EPISTOLA
1288 1558 1386 1625 LIV.

562 1668 694 1764 CL.
791 1674 1670 1789 saumarius

970 1828 1100 1901 claudio
1118 1838 1275 1902 Sarravio.

455 1930 729 2169 §sipisim
737 2018 925 2072 conventum
935 2002 1022 2100 quod
1037 2005 1159 2100 utrique
1172 2001 1318 2118 ‘nostrum
1335 2005 1447 2118 psatuit
1461 2012 1511 2093 (ut
1523 2006 1658 2117 invitam
1669 2004 1781 2073 Latirrt

559 2096 765 2187 scriberemus)
778 2118 878 2168 ratum
892 2095 951 2170 eise
966 2101 1075 2171 vellem
1089 2154 1100 2188 ,
1125 2127 1198 2198 quia
1210 2123 1250 2172 ita
1264 2101 1389 2199 promisi
1404 2154 1415 2186 ,
1446 2124 1541 2198 tuque
1556 2100 1716 2198 stipulatus
1730 2126 1778 2186 es,

456 2196 578 2265 irritum
584 2219 644 2291 ego
651 2196 790 2265 mallemt
814 2194 1104 2268 adeomedeterrent
1118 2197 1388 2367 ascribendpspuas
1394 2198 1481 2270 binas
1496 2220 1661 2295 atenupcr
1669 2199 1780 2267 Latine

457 2286 579 2386 scriptas
593 2294 714 2387 accepi:
739 2291 800 2362 Sed
841 2294 967 2362 uoniam
985 2294 1104 2391 pridem
1123 2293 1217 2365 didici
1234 2303 1267 2366 &
1322 2300 1393 2367 uevi
1413 2293 1523 2366 officiis
1537 2322 1554 2364 a
1570 2296 1714 2380 revinci,
1738 2319 1778 2363 ne

456 2384 513 2456 hac
526 2385 654 2484 quidem
666 2391 700 2456 in
737 2410 797 2458 arte
813 2317 999 2485 superiorem
1012 2411 1044 2460 te
1059 2389 1116 2461 esse
1129 2413 1217 2490 turpe
1233 2391 1413 2464 existimabo
1428 2446 1438 2477 ‚
1464 2416 1516 2463 aut
1529 2390 1655 2462 moleste
1670 2386 1776 2460 feram.

457 2485 493 2554 Si
505 2505 610 2567 tamen
625 2412 813 2556 credidissem
829 2486 904 2557 adeo
918 2509 1094 2584 promptam
1108 2495 1283 2586 &paratam
1300 2489 1358 2559 tibi
1371 2487 1445 2575 esse,
1470 2496 1502 2558 &
1518 2487 1602 2587 quast
1618 2491 1651 2558 in
1666 2513 1777 2559 nume·

459 2601 615 2677 ratopurae
622 2584 935 2681 Latinitatiseopiam:
959 2583 1040 2657 haud
1050 2583 1137 2657 facile
1148 2609 1253 2657 tecum
1265 2585 1365 2658 inhoc
1381 2609 1533 2657 certamen
1548 2581 1777 2668 descendissem,

458 2700 518 2748 nec
530 2699 593 2749 tam
606 2700 722 2751 temere
735 2676 795 2750 hoc
813 2684 936 2776 passum
950 2679 1110 2754 inivissem.
1158 2688 1260 2775 Hujus
1274 2708 1476 2756 communem
1491 2683 1706 2755 conditionem
1718 2677 1778 2756 effe
1931 2704 1932 2740 ¹

457 2777 568 2861 velim,
592 2798 627 2846 ut
641 2802 728 2846 more
741 2777 889 2848 Romano
907 2781 1006 2850 literas
1020 2777 1240 2866 inscribamus3
1264 2783 1380 2853 Cicero
1398 2779 1508 2853 Caesari
1527 2835 1539 2868 ,
1565 2779 1666 2850 Caesar
1682 2780 1780 2851 Cice·

449 2875 539 2942 roni.
558 2906 563 2914 ·
588 2875 658 2943 Hac
670 2870 723 2942 fiet
736 2871 861 2942 honesta
874 2874 1030 2961 libertate,
1055 2897 1090 2945 ut
1102 2877 1189 2973 quod
1204 2880 1337 2948 maxime
1349 2883 1508 2974 cupimus,
1533 2876 1613 2948 istud
1625 2877 1780 2947 literarum

461 2972 685 3040 commercium
693 2971 900 3041 continuetur.
923 2974 1493 3071 Vale&meama.Leydae.Non.Dec.
1510 2998 1569 3047 c1c
1588 2996 1642 3046 iot
1654 2994 1781 3062 amri,

876 3105 1266 3182 EPISTOLA
1317 3116 1393 3182 LV.

554 3227 686 3325 CL.
793 3232 1682 3336 SARRAVIUS

964 3393 1095 3465 Claudio
1118 3397 1273 3492 Salmafio.

503 3487 625 3565 Ltydam.

464 3564 593 3723 EGo
606 3588 734 3661 quoque
748 3561 835 3635 birras
848 3590 865 3634 a
879 3584 910 3636 te
922 3570 1044 3661 accepi,
1069 3565 1207 3666 utrasque
1214 3567 1374 3655 molestas,
1391 3569 1441 3643 sed
1447 3574 1600 3644 Gallicam
1607 3565 1783 3642 molestiffi·
1931 3587 1932 3602 ¹

534 3685 626 3730 mam.
677 3661 809 3731 Amicus
818 3665 903 3733 enim
917 3664 967 3731 ille
979 3661 1103 3749 noster,
1128 3669 1183 3762 qui
1196 3669 1288 3740 etiam
1306 3668 1429 3766 singulis
1450 3668 1694 3743 hebdomadibus
1714 3669 1783 3736 Ha·

463 3759 624 3850 gaeomitis
636 3755 711 3826 solet
722 3757 760 3827 ad
771 3786 822 3829 me
834 3755 1013 3857 scriptitare,
1118 3758 1302 3834 stulatotiam
1318 3764 1357 3835 de
1376 3788 1406 3835 te
1421 3765 1489 3838 satis
1503 3794 1627 3867 gravem
1641 3765 1697 3834 hac
1713 3765 1783 3832 vice

463 3853 602 3920 exaravit.
628 3855 777 3942 Queritm
789 3852 940 3926 scilicetse
957 3785 1118 3928 nullocstd
1127 3862 1239 3929 merito
1250 3861 1354 3932 durius
1369 3881 1431 3933 ate
1445 3889 1497 3934 aee
1536 3886 1629 3934 tuma
1644 3857 1783 3958 eoquod

462 3943 583 4016 Brasseti
596 3948 728 4032 litteras,
754 3975 822 4047 quae
836 3950 893 4023 tiBi
909 3974 959 4022 tan
984 3980 1054 4024 uam
1069 3953 1233 4028 Professori
1248 3955 1415 4029 honorario
1430 3962 1519 4031 inseri
1558 3962 1697 4042 bantur,
1721 3959 1785 4027 mi·

461 4040 559 4128 sisset3
583 4042 666 4141 quasi
681 4041 814 4116 asehoe
829 4051 873 4118 illi
888 3980 1147 4149 essetiuggestum
1161 4057 1195 4124 in
1207 4057 1253 4124 tui
1265 4053 1468 4128 offinsionem
1482 4061 1684 4150 &iniuriam
1697 4055 1783 4152 quod

461 4137 561 4210 sancte
572 4148 650 4230 jurat
662 4167 679 4209 a
692 4136 721 4211 se
735 4168 801 4213 non
813 4141 946 4231 fretum,
971 4174 1039 4219 non
1057 4154 1234 4248 cogitatum.
1285 4151 1415 4223 Cautius
1430 4155 1521 4226 deine
1560 4183 1575 4226 s
1597 4153 1655 4224 fibi
1678 4145 1782 4224 tecuin

460 4237 632 4333 agendum,
657 4240 780 4337 quando
789 4245 829 4311 ita
841 4240 999 4339 suspiciose
1011 4253 1046 4317 δι
1060 4245 1166 4317 acerbe
1175 4271 1245 4316 cum
1259 4251 1365 4320 amicis
1375 4277 1452 4348 agas.
1478 4183 1602 4325 Seegne
1613 4254 1786 4323 multam»

463 4332 555 4408 latua
567 4333 664 4412 caussa
673 4334 843 4435 perpessum
858 4391 869 4426 ‚
893 4344 999 4416 mititu
1010 4341 1220 4419 &humanius
1234 4344 1352 4418 tractari
1366 4346 1525 4441 debuisse,
1550 4375 1646 4450 quam
1659 4370 1696 4421 ut
1712 4348 1786 4417 alia-
