4067 5425
469 322 543 400 272
678 296 965 369 Ctanrs.
1013 311 1088 361 aa·
1133 270 1560 361 Docrtas'trt.

848 439 1231 513 EP18TOLA
1278 438 1405 510 CCII.

459 532 874 691 torretur
945 566 1620 787 repentinam-uo.
1668 570 1779 664 to.

1068 717 1285 815 ‚nuffius.,

508 820 679 966 unffi
687 897 804 993 pugna
818 853 1468 1003 „edmnotomagum’quodrpfis'xan
1516 913 1611 981 erae,
1634 895 1783 982 venirem,

475 1076 480 1083 ,
557 992 635 1063 nihil
649 991 729 1063 mihi
818 995 824 1006 '
852 1015 874 1059 o
895 987 1018 1072 tabam,
1042 1013 1136 1085 quam
1151 986 1388 1074 heemavobis,
1412 992 1504 1087 quasi
1527 990 1539 1057 i
1554 988 1785 1086 apudprocttra·

467 1112 569 1161 torem
582 1115 689 1160 meum
702 1086 786 1159 offen
809 1112 858 1157 ere
872 1014 1036 1181 iperabam
1084 1086 1125 1154 Iis
1140 1086 1225 1153 enim
1244 1085 1379 1154 omnino
1397 1109 1447 1155 me
1462 1079 1605 1154 nauseam
1618 1092 1652 1154 dt
1668 1083 1784 1156 iaffitu-

467 1187 592 1271 dinem,
615 1212 710 1285 quam
726 1187 804 1255 mari
819 1184 949 1279 partim,
972 1184 1084 1278 partim
1091 1182 1282 1278 equitatione
1297 1179 1576 1275 perintolerabilem
1589 1177 1694 1251 astum
1706 1204 1786 1252 con·

467 1304 615 1353 uaxnam
629 1337 640 1370 ,
665 1274 814 1352 exanimo
827 1273 1222 1374 eiedurumptistinamque
1235 1278 1414 1351 alacritatem
1426 1297 1668 1372 recuperaturum
1682 1275 1786 1349 confi-

469 1378 590 1453 debam.
599 1379 762 1476 Sperabam
771 1370 939 1448 auternhoc
952 1400 992 1444 eo
1009 1376 1144 1459 certius,
1175 1372 1262 1469 quod
1281 1393 1446 1470 antequam
1458 1372 1645 1471 Lugduuoe
1661 1375 1784 1446 Batavia

468 1473 651 1548 discederem
665 1476 829 1572 diligenter
839 1469 900 1540 hoc
912 1468 1141 1565 aterogaffemt
1165 1466 1399 1566 quemsciebatn
1413 1468 1491 1540 nihil
1499 1467 1576 1561 mihi
1582 1494 1718 1578 unquam
1726 1496 1783 1543 ne-

469 1568 572 1669 gase,
596 1599 698 1671 neque
710 1598 772 1670 qua
786 1568 823 1640 srs
836 1591 907 1664 erga
918 1592 970 1637 me
982 1564 1157 1636 'constantia
1171 1589 1263 1661 porro
1277 1564 1448 1663 quidquam
1461 1588 1652 1664 negatumm.
1676 1569 1785 1639 Tanto

471 1690 575 1741 autem
583 1675 730 1759 majorem
738 1668 898 1749 dolorem,
923 1686 1002 1734 exea
1014 1688 1047 1734 re
1054 1658 1116 1733 susc
1155 1664 1194 1747 i,
1217 1681 1336 1759 quanto
1352 1664 1559 1760 impatientius
1569 1658 1648 1735 ferre
1655 1660 1786 1737 solemus
1820 1728 1826 1738 .

469 1768 632 1863 inopinato
646 1764 778 1835 frustrari
792 1760 934 1834 deiidoria
947 1757 1058 1830 nostra.
1142 1782 1188 1828 on
1199 1755 1356 1828 credamte
1370 1783 1437 1829 non
1449 1756 1609 1856 scripsriie,
1633 1786 1674 1831 ne
1687 1763 1786 1858 regii-

470 1865 607 1958 gentiam
622 1882 706 1931 tuam
719 1862 922 1956 potiusquam
931 1852 1142 1927 infelicitatem
1149 1880 1250 1926 meam
1258 1850 1435 1951 agnoscamt
1461 1859 1632 1953 putoenim
1639 1859 1784 1957 melopo-

357 2006 362 2016 ·
473 1962 534 2032 tius
549 1953 913 2028 fatomeoliterasvestras
927 1953 965 2023 ad
979 1979 1031 2023 me
1039 1977 1104 2023 non
1116 1948 1292 2048 perveniffe.
1343 1953 1506 2052 Quicquid
1516 1951 1570 2042 sit,
1592 1950 1679 2041 scias,
1702 1953 1784 2027 solii-
1898 2002 1901 2006 -

473 2053 642 2127 citudinem
654 2078 720 2123 non
726 2055 827 2122 levem
840 2047 985 2122 inceffiffe
999 2050 1038 2119 ali
1062 2044 1329 2147 uidcognoscendi
1343 2048 1382 2119 de
1391 2047 1467 2121 statu
1475 2047 1577 2121 vestro
1590 2078 1599 2120 ε
1624 2040 1785 2149 piaeiertim

474 2174 547 2221 cum
559 2175 649 2246 parva
660 2144 725 2246 spes
737 2147 772 2219 srt
788 2148 865 2218 mihi
873 2148 970 2217 literas
1091 2141 1439 2242 cavobiscuraripoffe.
1463 2145 1786 2246 Hibermreequidem

357 2340 362 2345 .
476 2246 646 2342 Monspelii
661 2243 891 2330 constitueram,
914 2238 965 2312 sed
974 2239 1246 2338 consiliumpostca
1254 2241 1786 2341 mutavi‚&‚s1fieriperannitem·

516 2339 623 2412 statem
630 2344 767 2438 poterit,
791 2339 892 2412 statim
901 2341 1058 2410 inltaliam
1066 2364 1199 2436 pergam.
1245 2342 1395 2411 Fomerio
1408 2340 1787 2437 literaemaeacceptiffimae

510 2460 621 2525 erunt,
644 2432 1226 2537 quodipseresponfionesuatestabitur.
1276 2433 1559 2525 Consiliumejusin
1567 2432 1706 2508 instituto
1714 2463 1789 2509 meo

476 2532 625 2605 utilesanc
641 2531 794 2606 mihifuit.
843 2535 886 2604 Et
920 2530 1189 2620 uodbenevortat,
1214 2528 1344 2605 sciasme
1357 2529 1789 2623 hestemodieiishonoribus,

477 2651 598 2729 quosut
611 2629 865 2704 ambiteminhac
935 2654 978 2717 c,
1002 2625 1334 2717 mihiauthorfuerat,
1355 2627 1568 2718 audcumeffe,
1592 2628 1791 2703 nonstnead·

462 2724 580 2824 plausu
595 2725 659 2801 fere
667 2732 810 2800 omniurn
817 2729 949 2799 nationis
957 2722 1079 2810 nostra,
1098 2725 1185 2824 quod
1191 2729 1223 2796 in
1231 2725 1383 2798 felicitatis
1396 2733 1481 2826 parte
1494 2752 1591 2824 pono.
1614 2728 1792 2799 Exactohic

476 2822 581 2902 mense
592 2826 629 2897 ad
642 2851 737 2923 quem
750 2824 799 2897 sex
814 2821 878 2895 fere
893 2824 958 2895 dies
968 2820 1124 2919 supersunt
1137 2875 1148 2908 ,
1180 2826 1307 2895 inviam
1323 2849 1373 2893 me
1391 2827 1555 2916 conjiciam
1576 2851 1585 2895 a
1614 2827 1730 2896 interea
1743 2845 1789 2896 ta·

478 2946 554 2992 men
565 2924 778 3017 Rotomagum
796 2917 947 3020 proficisci
969 2917 1048 2997 mihi
1068 2917 1291 3006 necessarium,
1322 2942 1356 2990 ut
1370 2921 1485 2992 viatico
1506 2946 1579 2993 meo
1600 2918 1790 3019 prospiciam

479 3017 635 3114 Adeoque
651 3016 773 3088 crasibo
780 3016 827 3087 οὖν
840 3022 914 3106 θεῷ.
925 3013 1044 3086 Parisiis
1057 3017 1149 3086 etiam
1160 3011 1401 3090 mensemunum
1416 3015 1503 3088 tufi:
1528 3019 1718 3115 quosvolui,
1741 3020 1792 3089 ti-

479 3113 530 3199 di,
551 3108 1297 3208 conveniriCauubonoresponsronemaduaas,
1321 3134 1622 3210 utecatoccupatus,
1645 3118 1790 3213 inpetra-

478 3233 538 3294 re,
562 3211 702 3308 quamvis
713 3210 853 3308 quotidie
870 3212 1086 3305 promitteret,
1109 3233 1176 3279 non
1190 3213 1294 3308 potui:
1319 3215 1433 3282 &cum
1440 3207 1624 3284 discederem
1639 3207 1718 3283 febri
1732 3236 1793 3309 op-

479 3307 593 3376 timum
602 3307 715 3378 Virum
728 3333 800 3378 cum
806 3331 900 3377 uxore
913 3303 1052 3377 insubide
1060 3303 1331 3403 obrutumreliqui.
1354 3307 1488 3420 Exigam
1501 3328 1603 3379 nmen
1617 3302 1793 3406 responsum

478 3426 535 3499 per
550 3404 683 3473 amicum
715 3402 868 3493 uurdam,
915 3405 947 3472 ui
955 3400 1145 3472 curabittibi.
1169 3400 1462 3474 Vehementernuhi
1470 3402 1683 3502 gratulaberis,
1708 3406 1796 3502 quod
1872 3481 1877 3490 ,

479 3502 515 3572 in
528 3500 671 3573 notitiam
688 3503 694 3516 ⁸
740 3497 805 3574 stris
816 3429 915 3593 νίήῖ.
940 3496 1077 3595 Augusti
1095 3496 1223 3570 Thuani
1235 3503 1447 3597 pervenerim:
1479 3526 1548 3598 quae
1561 3527 1609 3573 res
1623 3505 1700 3574 tanti
1712 3503 1794 3598 apud

481 3621 533 3666 me
546 3594 608 3683 est,
632 3617 667 3667 ut
681 3623 716 3672 ea
733 3593 793 3670 sola
815 3622 944 3682 nurnos,
968 3620 1048 3692 quos
1059 3591 1231 3694 consumpsi
1248 3599 1280 3667 in
1295 3599 1344 3667 iila
1361 3593 1500 3696 Augusta
1514 3595 1617 3685 urbe,
1662 3599 1731 3670 iane
1743 3626 1794 3672 re-

481 3691 734 3766 dirnerenollem.
783 3694 870 3765 Cum
884 3693 1022 3764 Hetaldo
1036 3691 1075 3762 de
1089 3717 1123 3762 ea
1136 3719 1196 3777 re,
1225 3717 1319 3793 quam
1333 3692 1440 3781 nosti,
1471 3695 1619 3768 collocuti
1629 3625 1742 3769 dinus.
1765 3703 1796 3768 Ia

479 3785 1441 3984 tzittaitalffuiainttitiatee
1453 3788 1796 4004 {aarum

480 3974 1604 4066 consuevemnr‚ubiinvidiafascinatialteriushonoriobeeuareanimum
1613 3985 1798 4058 irrduxenmt

481 4076 578 4146 iuum.
629 4077 805 4170 Rigaitius,
838 4106 933 4176 quem
947 4081 1040 4151 etiam
1061 4079 1114 4146 Ci.
1127 4078 1309 4151 Rittershuii
1329 4078 1426 4152 nostri
1449 4083 1580 4153 nomine
1599 4081 1792 4170 monebam,

483 4168 652 4244 'modestior
663 4174 756 4242 altero
767 4169 917 4248 fatebaur
932 4225 942 4258 ,
965 4171 995 4243 sc
1008 4177 1136 4262 juvenili
1150 4177 1313 4272 ineptia&
1329 4175 1395 4272 styli
1409 4173 1530 4249 fervore
1543 4176 1702 4276 abreptum
1712 4205 1797 4278 quae-

482 4265 822 4356 dameffirdiu'enorius,
862 4265 1102 4364 uamsctipsrffe:
1127 4271 1165 4342 de
1180 4270 1662 4373 quibusipsrRittershufioquam
1685 4279 1797 4346 rimum

481 4349 825 4440 satisfaceremieeunda
869 4368 982 4452 itione,
1007 4365 1464 4472 quampraemuaibmhabcret,
1489 4369 1602 4442 constit
1626 4375 1632 4389 '
1658 4394 1697 4448 et.
1723 4374 1796 4439 Cae-
1937 4427 1958 4460 ,

1703 4489 1802 4539 timii]
