4067 5425
387 416 436 503 84
677 404 1456 492 Cunnrunr'Doc'urss.

386 557 461 630 ¹gam
475 534 649 605 orationem
661 531 808 619 scribere,
832 533 882 603 vel
895 527 1120 601 abananuense
1135 550 1226 613 meo,
1251 523 1381 598 homine
1394 524 1621 627 imperitissimo
1636 528 1709 603 scri-

294 742 298 751 *
391 633 640 797 ffirelegerc,
663 636 727 717 ejus
738 630 913 725 exernplum
926 625 964 697 ad
976 647 1008 696 te
1021 628 1186 698 mitterem.
1218 623 1305 693 Cum
1320 624 1493 696 Mediolani
1500 628 1574 713 eris,
1600 626 1639 698 ab
1649 631 1710 700 Al.

499 725 645 799 assumere
658 727 788 820 poteris:
810 721 872 820 ipse
886 725 972 793 enim
991 721 1030 793 ab
1049 715 1239 820 aueographo
1254 744 1328 789 meo
1342 718 1399 790 sibi
1410 720 1582 818 desumpsit
1630 725 1714 823 Epi-

397 844 604 920 grammatum
621 821 806 891 Iatinomm
827 820 1011 889 colledianea
1031 816 1113 891 discu
1137 821 1170 888 io
1192 817 1317 901 videre,
1348 822 1382 885 δι
1397 820 1431 886 in
1444 819 1488 887 eis
1498 819 1614 907 judicio
1628 846 1712 919 quo-

392 944 517 1018 cunque
530 942 604 989 meo
617 919 678 987 uti:
703 940 761 991 nec
774 914 833 986 ribi
847 912 1022 1013 persuadeas
1034 915 1116 1010 asym
1160 915 1284 983 lumme
1297 910 1452 983 sunnam:
1476 912 1576 985 habeo
1582 919 1712 988 enimli-

393 1038 444 1117 cet
458 1039 570 1113 pauca,
616 1035 663 1082 uae
678 1013 943 1111 velcumantiquis
957 1032 1084 1082 certent.
1134 1009 1194 1080 Sed
1201 1007 1289 1098 hujus
1301 1012 1346 1079 rei
1358 1006 1713 1110 omnibusstudiosrspe-

393 1114 483 1186 nuria
494 1038 706 1195 faciendaest,
731 1134 789 1178 nec
800 1130 917 1180 temere
933 1110 972 1178 in
985 1134 1026 1178 eo
1043 1111 1167 1197 alicuju
1179 1130 1298 1176 nomen
1313 1105 1563 1194 describendum,
1589 1131 1712 1205 prater-

395 1199 1615 1309 quamquiveleruditisiimus„velCalvininuminisobseruantissunushabertur
1638 1213 1714 1276 Per-

396 1308 479 1399 iegi,
494 1328 567 1375 cum
577 1302 749 1374 Mediolani
754 1302 847 1373 essem
856 1303 1164 1401 ,qmmphrrimosex
1176 1298 1398 1371 recentioribus
1403 1299 1468 1370 istis
1479 1302 1595 1396 po'e'tis,
1619 1322 1655 1370 ut
1662 1304 1714 1374 in-

395 1401 435 1473 de
447 1403 548 1500 aliqua
559 1400 723 1496 eligerem,
746 1424 813 1498 quae
825 1402 859 1469 in
872 1421 1040 1470 centonem
1056 1401 1145 1469 illum
1157 1394 1378 1467 infarcirentur.
1408 1404 1454 1467 Ita
1467 1422 1518 1467 me
1524 1400 1613 1466 Deus
1620 1420 1713 1488 amet,

398 1519 435 1568 ut
448 1523 486 1568 ex
501 1498 731 1594 quamplurimis
745 1521 802 1566 nec
816 1522 915 1566 unum
921 1496 1048 1594 quidem
1060 1496 1258 1661 Epligpumn
1271 1495 1369 1589 reperi
1380 1493 1495 1584 judicio
1510 1493 1712 1589 tuodignum.

400 1601 599 1690 Quapropter
612 1595 703 1664 iratus
714 1596 800 1665 mosis
810 1596 935 1689 poetis,
958 1617 1093 1690 quorum
1120 1594 1125 1607 '
1150 1614 1201 1659 ros
1214 1588 1289 1660 dum
1305 1594 1475 1683 pervoivo,
1499 1609 1619 1660 tantum
1633 1612 1716 1663 tem-

403 1694 488 1789 poris
503 1687 609 1760 frustra
622 1689 840 1775 contrivissem,
853 1694 888 1759 in
901 1688 934 1759 id
947 1713 1068 1758 carmen
1076 1684 1148 1784 ipse,
1164 1686 1303 1783 quamvis
1309 1689 1449 1783 ineptum
1457 1683 1527 1777 (sed
1537 1711 1592 1758 cur
1604 1686 1720 1762 tibife-

400 1784 1219 1884 miliaritenquicquidinbuccamvenitnonscribam)
1242 1787 1375 1879 prorupi.

534 1889 657 1981 Marfi,
683 1889 854 1984 canipae,
879 1879 989 1968 naus,
1014 1889 1163 1980 equus,

535 1988 602 2078 Qui
618 2001 738 2052 tantam
757 1978 879 2075 historia
890 1979 1130 2075 luernfcmstis,

537 2075 801 2173 Prorfimscrisere
808 2076 929 2178 prorsus
941 2083 1092 2177 imperiti,

409 2228 413 2235 ⁴
537 2180 639 2257 Saxa,
665 2176 842 2272 Cantalyci,
866 2175 970 2259 Plan,
994 2176 1110 2256 Pelori,

537 2269 655 2364 Nostra
661 2274 723 2366 fex
734 2295 819 2339 mera
830 2268 1009 2366 dedemsque
1024 2272 1148 2372 lingua,

408 2432 412 2437 .
538 2370 605 2462 Qui
616 2385 662 2434 tot
675 2374 815 2438 carmina
827 2385 893 2435 tam
906 2370 1134 2462 cacatafcrtis:

536 2463 646 2557 Qum
660 2461 749 2534 vobis
758 2468 899 2533 meritam
912 2461 1020 2563 rogabo
1026 2486 1163 2564 panant,

540 2561 636 2631 Mali
651 2557 810 2656 dhijsorics'
823 2562 912 2644 mali,
920 2561 1033 2661 posu!

416 2737 421 2746 ⁴
541 2654 871 2752 Henchancscilicet3
896 2664 1032 2731 invirum
1043 2659 1155 2761 legatis

413 2831 417 2839 ,
542 2757 644 2827 Alter
655 2757 782 2825 alterius
794 2756 892 2826 malos
902 2752 1037 2834 libellos:

541 2853 718 2924 Nurum
785 2848 1111 2948 orevendicarenasum

414 3009 418 3034 ς
542 2874 1097 3049 Deperriha'sssceaetlue,(rlacrim.
1149 3003 1158 3010 -

415 3107 424 3115 .
543 3049 574 3115 0
583 3044 819 3148 penamjsygiis
828 3067 936 3148 parem
944 3051 1069 3147 piaclis.
1668 3119 1678 3140 ,

411 3145 443 3215 ,ν
446 3140 512 3213 ides
521 3165 587 3237 quo
609 3142 659 3209 irae
671 3144 864 3237 proruperim
884 3140 927 3212 ob
949 3140 1158 3242 hujuscemodi
1177 3152 1349 3222 recentium
1361 3145 1501 3250 ineptias
1550 3161 1605 3229 Tu
1621 3157 1732 3232 tamen

411 3239 601 3335 epigramma
612 3231 673 3306 hoc
685 3233 856 3334 supprime,
880 3263 922 3309 ne
933 3238 1094 3312 crabrones
1105 3247 1247 3321 excitem.
1270 3251 1352 3345 Agit
1365 3247 1456 3321 hicin
1469 3256 1725 3329 DominiciCir·

409 3331 510 3406 nobio
524 3332 722 3426 praedicatorii
735 3334 853 3405 ordinis
865 3338 912 3407 vir
926 3336 1053 3435 quidam
1066 3342 1245 3432 Brixiensrs,
1269 3345 1403 3417 eruditus
1414 3349 1600 3451 Theologus
1612 3362 1645 3425 &
1660 3359 1736 3427 elo:

412 3452 511 3526 quens
525 3427 692 3501 Prosessor:
717 3433 742 3501 is
754 3429 868 3501 libnrm
880 3432 1069 3532 composuit,
1094 3441 1128 3507 in
1206 3440 1358 3530 Thomae,
1384 3453 1728 3549 recentiumqueomni·

411 3552 468 3598 um
481 3522 693 3625 Theologiam
707 3526 874 3627 congessit,
898 3534 979 3602 miro
990 3532 1117 3620 ordine,
1154 3539 1259 3609 unima
1269 3564 1342 3610 cum
1356 3542 1502 3632 claritate,
1526 3554 1559 3616 δι
1574 3557 1654 3618 tanta
1666 3545 1727 3618 ser·
1810 3549 1814 3556 “

412 3624 517 3693 monis
530 3624 702 3790 elegantia,
734 3647 769 3696 ut
779 3625 950 3724 quemlibet
969 3656 1008 3699 ex
1021 3632 1154 3726 antiquis
1173 3633 1410 3709 celeberrimum
1419 3639 1537 3713 reserat.
1584 3645 1736 3714 Excrevit'

412 3743 492 3816 opus
503 3723 537 3790 in
548 3729 582 3812 ju
607 3748 663 3794 um
675 3724 841 3809 volumen,
863 3724 952 3822 quod
963 3746 999 3794 ut
1011 3725 1241 3823 impressoribus
1254 3733 1350 3804 tradas
1356 3741 1490 3808 omnino
1506 3740 1593 3809 volo:
1617 3738 1728 3811 velhac

415 3816 520 3902 causa,
544 3819 715 3914 quodcum
730 3821 854 3890 nomini
866 3846 940 3891 meo
953 3820 1200 3897 librumdedicae
1230 3829 1401 3917 Mirareris,
1426 3832 1730 3929 quamlibenterine-

413 3933 484 4007 prus
497 3909 559 4008 ipse
571 3912 661 3985 faveo
674 3913 813 3987 laudibus
826 3919 926 4005 meis,
959 3945 1092 4016 amoque
1106 3945 1178 3994 eum
1196 3928 1330 4012 Virum,
1354 3947 1423 3997 tum
1436 3953 1562 4027 propter
1581 3928 1730 4004 summam

412 4006 618 4082 eruditionem
632 4063 643 4094 ,
667 4032 735 4081 tum
750 4011 836 4107 quod
849 4013 910 4110 ipse
923 4013 1052 4085 vicissim
1075 4044 1127 4088 me
1139 4028 1264 4091 amat&
1279 4023 1363 4091 colit.
1410 4025 1518 4122 Scripsi
1538 4028 1576 4100 ad
1598 4050 1631 4100 te
1644 4033 1731 4119 alias,
1851 4025 1854 4030 ’

413 4103 604 4216 ηαᾶυτηοηξε
618 4108 774 4201 integrum
786 4110 908 4181 Donati
923 4112 1214 4204 commentarium,
1238 4142 1304 4215 quo
1320 4120 1371 4188 ifle
1389 4126 1566 4219 Vergilium
1584 4128 1734 4224 interpre-

194 4291 200 4303 ·
415 4220 511 4270 tatur:
536 4201 711 4272 rsrncastro
725 4205 862 4300 quodam
873 4204 967 4279 sandi
980 4210 1164 4299 Maximini,
1190 4214 1277 4310 quod
1291 4213 1335 4284 est
1349 4239 1445 4314 prope
1455 4226 1731 4319 AquasSextiasin
1766 4284 1773 4298 .

349 4333 356 4343 ·
416 4296 741 4408 Ifrovmciehabetur:
767 4299 939 4375 inibienim
952 4302 1140 4379 bibliotheca
1153 4308 1197 4380 est
1210 4338 1227 4381 a
1242 4312 1367 4381 Renato
1386 4317 1601 4415 Andegavensi
1613 4322 1647 4389 in
1662 4345 1734 4418 gra-

392 4413 490 4502 ·tram
502 4394 698 4488 quorundam
710 4395 939 4470 Monachorum
953 4400 1114 4489 instrusia3
1138 4402 1413 4505 simtqueplerique
1425 4413 1513 4501 libri,
1537 4417 1738 4511 quosMarius

414 4485 590 4587 Phielphus
602 4518 642 4564 eo
656 4492 808 4593 congesst
820 4548 833 4585 ,
845 4493 927 4579 ,sunt
941 4502 975 4567 &
989 4515 1069 4596 quos
1083 4499 1236 4577 bellorum
1249 4507 1411 4598 edanum
1423 4535 1491 4607 que
1502 4511 1607 4584 subeo
1619 4516 1744 4609 regein

1653 4611 1742 4683 Nea-
