4067 5425
447 351 517 443 164
690 328 1633 455 Culturs.'nuDocrrssrui¹

780 521 857 589 Er>
918 518 1451 589 sroinixxvr.

446 646 1542 746 MlCHAEL·lS³lNGRlNIUS
1625 652 1756 749 SD.

817 849 819 855 ·
928 808 1091 902 francisco
1116 803 1261 877 Ciceriuo.

489 904 683 970 Mediolanum,
1202 932 1204 937 ·
1427 920 1431 927 ·

447 979 717 1143 INhurnanitatis
731 982 841 1050 merito
855 978 1026 1080 arguendus
1036 977 1092 1049 fim
1106 1033 1116 1065 ,
1151 974 1268 1051 clariss.
1280 977 1447 1067 Cicerine‚
1476 978 1533 1050 nili
1546 1000 1703 1054 tantomm
1715 983 1764 1053 vi·

489 1101 594 1148 rorum
610 1080 776 1148 amicitiam
788 1078 838 1146 vel
855 1074 1045 1163 ultrornihi,
1069 1074 1106 1145 ab
1123 1076 1329 1171 nescioquam
1344 1079 1377 1146 in
1392 1075 1475 1148 libris
1491 1077 1672 1149 excudendis
1685 1103 1768 1148 con·

453 1193 573 1268 ceptam
586 1174 781 1260 industriam,
804 1170 864 1243 sese
878 1170 1076 1259 offerentem,
1100 1172 1247 1243 ambabus
1271 1174 1486 1268 (quodajunt)
1510 1176 1588 1243 ulnis
1600 1176 1764 1272 amplecle·

449 1292 514 1353 rer,
539 1294 611 1340 cunr
625 1269 702 1342 nihil
714 1294 801 1366 arque
814 1270 1075 1369 typographorum
1088 1268 1225 1359 officinas
1236 1291 1379 1354 exornet,
1402 1271 1637 1367 atquepraeclara
1649 1270 1765 1341 dodill-

452 1361 599 1436 sunorum
612 1370 750 1437 virorum
762 1389 982 1452 monumenta,
1006 1362 1174 1455 cujufinodi
1187 1367 1326 1436 &Marci
1334 1363 1546 1453 Antoniielse,
1572 1364 1764 1457 cujuserudi-

455 1461 904 1561 tioncmtantoperepraedicas,
929 1460 1133 1533 minirnesane
1147 1459 1357 1533 dubitaverim.
1384 1461 1765 1560 Caeterumquodadpara·

475 1554 571 1627 hrases
585 1556 716 1645 ejusdcm
732 1563 765 1629 in
778 1557 952 1629 Aristotelis
959 1559 996 1629 de
1003 1558 1169 1629 coeloacde
1183 1560 1377 1659 generatione
1384 1558 1477 1628 libros
1488 1566 1540 1645 ,ἃ
1553 1584 1646 1656 pono
1660 1584 1763 1655 repre-

453 1580 636 1724 benfionum
648 1659 682 1726 in
698 1657 917 1726 M.Nizolium
930 1656 1076 1724 volumen
1087 1658 1209 1739 attinet,
1231 1648 1358 1750 dperam
1367 1681 1485 1743 meam,
1533 1652 1768 1751 uamefflagitas,

455 1746 511 1818 liac
524 1752 643 1822 ratione
658 1750 747 1822 vobis
758 1751 868 1821 addico
882 1804 891 1833 ,
927 1748 950 1819 sr
966 1751 1134 1821 eorundem
1148 1751 1319 1822 editionem
1329 1747 1471 1847 tantisper
1483 1682 1603 1822 dll'erre
1617 1753 1767 1840 voluerit,

328 1842 336 1853 ’
453 1843 528 1916 dum
543 1873 610 1945 quae
626 1874 709 1918 minc
726 1843 781 1916 sub
791 1850 886 1943 praelo
897 1841 987 1929 sunt,
1010 1842 1185 1933 absolvero,
1210 1846 1242 1941 id
1254 1848 1340 1945 quod
1352 1850 1490 1943 proxima
1505 1846 1601 1918 aellate
1615 1868 1668 1917 aut
1678 1851 1766 1917 citius
1834 1850 1837 1859 ⁴

454 1944 566 2029 etiarn,
591 1945 667 2014 Deo
680 1941 821 2029 favente,
837 1939 974 2012 staturum
986 1939 1082 2039 spero.
1107 1944 1234 2014 Interim
1249 1946 1428 2014 Dominum
1436 1946 1579 2014 Marcum
1585 1948 1765 2017 Antonium

454 2035 543 2129 hujus
558 2037 713 2110 sententiar
729 2041 889 2109 certiorem
910 2033 1031 2124 facito,
1061 2062 1152 2138 atque
1172 2060 1207 2108 ut
1225 2040 1399 2109 alteunrum
1418 2066 1497 2137 opus
1511 2043 1606 2137 polite
1627 2041 1766 2111 limatum

455 2134 634 2231 tempestive
648 2134 707 2206 huc
722 2132 916 2222 transmittat,
940 2161 1005 2232 quo
1020 2142 1054 2205 δι
1067 2159 1155 2232 typos
1168 2137 1318 2230 elegantes
1332 2144 1363 2204 &
1380 2132 1511 2206 chartam
1526 2137 1669 2223 nitidam,
1694 2138 1767 2208 alia,-

396 2282 401 2291 .
460 2238 524 2327 que
537 2233 684 2302 nonnulla
695 2230 733 2302 ad
745 2235 846 2329 operis
863 2234 1051 2301 venustatem
1090 2234 1250 2302 retinentia
1267 2234 1300 2302 in
1314 2250 1451 2329 ternpore
1464 2258 1623 2328 procurare
1637 2258 1766 2329 queam,

458 2349 599 2397 moneto.
650 2328 775 2426 Qibus
789 2327 875 2398 solita
889 2326 1052 2397 accedente
1064 2260 1218 2426 diligentia
1231 2349 1395 2426 utrumque
1408 2327 1540 2399 vestrum
1555 2333 1595 2399 ita
1602 2332 1769 2426 promereri

457 2421 610 2510 conabor,
633 2422 1106 2522 utnecM.Antoniumsuscepti
1120 2423 1778 2522 poenimdlebborisssncctuintypographoj

454 2518 1061 2616 deligendojudicioaberraffevideamini.
1086 2518 1570 2620 Vale&1smgrinium,quasoles,
1578 2520 1767 2593 benevolen-

459 2613 871 2717 tiaconllanterproseqt'tipe
909 2643 936 2687 e.
967 2616 1412 2708 Basileae,CalendisJanuarii,
1438 2638 1629 2712 ann01549.
1654 2619 1769 2689 Literas

457 2711 516 2780 tuis
533 2718 707 2804 conjundias
721 2719 853 2786 Brixiam
867 2642 908 2785 id
921 2718 968 2785 D.
984 2714 1138 2785 Aloisrum
1153 2715 1344 2787 Mundellam
1362 2721 1424 2805 ejus
1436 2716 1498 2785 loci
1510 2716 1680 2803 medicum,
1706 2721 1771 2789 mei

460 2810 557 2905 gratia
569 2835 623 2906 per
633 2815 767 2883 'amicum
785 2812 940 2908 quendam
959 2832 1028 2880 tuto
1040 2808 1166 2907 perferri
1178 2836 1272 2898 cura,
1295 2837 1387 2910 rogo:
1412 2815 1528 2882 mutuis
1543 2815 1682 2884 amicitie
1696 2811 1767 2883 offi-

460 2904 581 2976 ciisboc
590 2934 775 3006 quacunque
786 2906 946 2978 occasione
954 2905 1069 2994 oblata,
1094 2905 1347 3004 compensatums.

752 3065 1140 3135 EPISTOL.A
1188 3065 1465 3138 LXXVII.

459 3203 1088 3301 Funucrsoo
1150 3203 1770 3331 ctceurrvoso,

994 3361 1238 3467 Jaopmna.
1808 3403 1811 3410 -

498 3459 654 3527 Iugarium,

365 3619 370 3632 ,
461 3547 674 3718 AGnosco
685 3546 864 3649 fingularern
879 3578 948 3652 erga
960 3579 1010 3625 me
1024 3556 1273 3628 benevolentiam
1288 3579 1395 3646 tuam,
1420 3561 1539 3653 optime
1551 3578 1643 3656 atque
1657 3557 1771 3631 doerit-

543 3647 616 3718 srme
632 3649 801 3734 Cicerine‚
832 3656 866 3719 δι
879 3676 938 3749 :rgo
953 3653 1093 3749 ingentes
1106 3655 1236 3747 gratias,
1263 3679 1334 3725 cum
1350 3681 1407 3751 pro
1426 3654 1604 3725 muneribus
1616 3657 1768 3743 literariis,

465 3739 578 3841 quibus
595 3769 645 3816 me
660 3746 889 3840 &locupletare
904 3755 1049 3818 &ornare
1064 3747 1211 3820 itasedulo
1226 3755 1344 3848 pergis,
1367 3774 1435 3822 tum
1448 3754 1520 3850 quia
1534 3750 1768 3837 levidensrailla,
1808 3779 1813 3790 ·

463 3863 534 3936 quae
548 3865 628 3908 arne
641 3842 723 3910 mitti
738 3834 836 3911 solent
859 3849 992 3933 (trrajora
1007 3847 1299 3943 enimvixqueam)
1313 3845 1492 3935 martificis,
1517 3869 1642 3947 tamque
1650 3846 1771 3920 tibielse

463 3955 547 4032 grata
562 3935 705 4010 declaro·
744 3940 865 4032 Accepi
878 3941 1039 4037 lvlajoragii
1047 3944 1217 4028 orationes,
1242 3970 1316 4041 quas
1330 3940 1452 4031 neustr,
1478 3951 1510 4014 δι
1523 3952 1697 4042 perplacent
1711 3947 1773 4016 iux

460 4029 571 4114 uobis,
595 4032 667 4130 quia
675 4032 825 4129 elegantes
832 4038 1026 4131 cumprimis,
1040 4043 1072 4106 δι
1087 4037 1278 4134 prudentiam
1290 4043 1348 4110 viri
1362 4038 1526 4111 dodciffimi
1539 4040 1772 4154 haudquaquam

465 4127 622 4226 vulgarem
635 4123 784 4197 testantes.
833 4130 930 4231 Qud
949 4159 1023 4202 vero
1045 4138 1136 4203 etiam
1149 4138 1288 4206 amicitia
1322 4136 1436 4207 uaedam
1457 4141 1551 4208 veluti
1565 4137 1679 4208 sermm
1690 4135 1774 4235 apud

463 4227 550 4295 illum
565 4220 655 4292 nobis
668 4217 793 4319 sparsisti
805 4230 881 4313 jam,
905 4226 988 4297 unde
1002 4230 1043 4298 ita
1062 4228 1142 4302 bene
1155 4239 1215 4324 jam
1232 4235 1281 4302 ille
1300 4163 1340 4304 de
1354 4231 1445 4302 nobis
1464 4232 1572 4305 sentire
1583 4237 1645 4305 inci
1670 4238 1711 4320 it,
1735 4257 1770 4306 ut

467 4319 560 4392 etiarn
572 4313 659 4389 suurn
672 4343 781 4391 vocare
794 4348 873 4410 me,
882 4328 916 4393 dc
927 4323 991 4393 suas
1002 4324 1225 4399 lucubrationes
1238 4382 1248 4415 ‚
1273 4354 1347 4426 quas
1358 4327 1456 4399 adhuc
1469 4328 1523 4401 sub
1530 4330 1642 4402 mcude
1647 4262 1773 4418 libeat,

464 4418 601 4514 polliceri
616 4414 707 4489 nobis
720 4417 879 4516 dignetur
902 4418 940 4490 id
949 4445 1028 4491 vero
1039 4442 1157 4496 tarutnn
1174 4420 1217 4495 est
1230 4449 1301 4523 erga
1316 4423 1538 4515 nosoffieitun,
1562 4449 1597 4500 ut
1610 4424 1773 4526 agnoscere

866 4573 871 4580 .
1117 4555 1121 4562 ·
1724 4550 1780 4598 tux
