4067 5425
587 331 938 412 vinonio
986 333 1374 419 Eirinona.
1495 372 1605 453 ‚305

274 461 355 540 dem
361 476 558 537 nnumin
569 456 692 558 publica
704 456 846 547 miscere,
870 457 964 532 sed&
977 463 1058 533 inter
1069 461 1248 534 Germanos
1257 466 1325 538 lites
1331 489 1367 536 ac
1382 461 1600 544 simultatcsse-

274 580 500 658 rerecoeperat.
548 559 638 628 Deus
650 556 933 630 lionestissuiiorum
947 556 1119 630 studiorum
1134 557 1256 648 Perses,
1280 569 1315 632 δε
1324 565 1463 636 virorum
1475 564 1602 642 Mercu.
1663 586 1668 591 ·

277 659 406 730 idalium
419 658 564 727 'suranus
585 679 658 725 cum
681 651 791 725 debitis
812 656 908 751 penis
924 651 1012 727 istam
1025 653 1131 727 turbam
1146 680 1180 727 ac
1194 652 1294 728 sicem
1306 656 1463 732 seditionis
1510 687 1601 737 emet.

280 756 341 826 Dc
355 749 454 824 turbis
466 754 501 823 iii
515 752 628 825 vicinia
639 748 735 863 vestm
749 755 847 848 magis
870 749 968 865 indies
990 748 1186 852 gliscentibus
1208 779 1274 825 non
1289 774 1393 831 tutum
1406 753 1451 827 eil
1476 758 1601 834 cribere.

270 1037 1599 1255 fflffidllfsiillllilgillffisffilisidis&

237 1300 240 1309 »
271 1261 426 1431 rin
440 1231 1417 1498 mptum

273 1426 476 1545 restituimur.
502 1426 579 1513 Sed,
602 1424 715 1541 siquid
756 1431 828 1525 pio,
864 1527 871 1541 .
938 1427 1156 1501 ‘dantSuecio
1221 1453 1256 1500 at
1272 1427 1443 1516 fortunam3
1458 1440 1491 1503 δι
1520 1461 1593 1507 uam

269 1527 330 1640 levi
343 1544 507 1639 momento
509 1522 677 1692 pendeant
690 1521 828 1638 ipsorum
841 1548 919 1595 vires
924 1577 936 1611 ,
960 1528 994 1595 in
1007 1522 1137 1638 consilio
1211 1546 1272 1596 ent
1305 1527 1420 1638 'Apud
1434 1460 1595 1643 nosdcca-

269 1619 336 1693 stris
350 1618 496 1693 faciendis
510 1640 604 1736 ”tum
616 1640 726 1731 proeter
740 1645 885 1734 ommum
896 1617 1150 1735 exspediationem
1159 1618 1202 1690 cst
1216 1620 1379 1693 silentium.
1405 1625 1591 1702 Comeliurii

263 1715 1513 1928 mlfftssffssrlttlssslidlltlslffdffil⁰ltizlss
1519 1720 1592 1891 sl}

158 1962 164 1971 ι
265 1932 347 1999 inter
358 1913 474 2008 primos
491 1912 638 1981 mittetur.
686 1910 862 1983 Parabimus
873 1908 1115 2009 postmodoalia
1154 1910 1242 1999 Quid
1256 1909 1320 2007 ipse
1340 1912 1492 2000 moliaris,
1515 1908 1590 1989 scire

219 2022 223 2029 '
266 2032 354 2081 arco.
378 2008 424 2078 D.
440 2003 573 2077 Vossius
594 2010 820 2079 commentariis
833 2008 871 2080 de
882 2010 990 2107 lingua
1007 2009 1115 2078 Latina
1130 2003 1276 2103 imposuit
1289 2008 1429 2080 ultimam
1445 2034 1589 2101 manuni,

272 2102 331 2176 nisi
340 2123 505 2175 moraretur
517 2101 734 2201 typographus,
759 2101 869 2176 habere
882 2102 1108 2179 lucubrationes
1119 2102 1211 2175 cedro
1222 2102 1329 2199 dignas
1338 2110 1400 2195 jam
1412 2100 1476 2176 sere
1490 2105 1590 2202 polle-

272 2228 352 2274 mus.
379 2300 386 2316 .
400 2201 547 2313 Curtium
558 2204 592 2270 δι
606 2201 755 2273 Tacitum
767 2208 832 2317 jani
844 2201 963 2273 adorno
969 2198 1124 2312 editioni,
1133 2296 1140 2311 ,
1148 2205 1183 2271 δι
1196 2195 1314 2270 sortasse
1328 2252 1339 2285 ,
1362 2202 1438 2272 Deo
1452 2201 1589 2292 adjuran-

268 2290 1588 2506 statuisqfflnusnweiu

266 2514 353 2608 girus
364 2488 521 2603 sagacitate
532 2493 721 2577 amicorum,
739 2492 853 2657 pipulo
866 2487 1047 2587 flagitandus
1060 2490 1134 2573 erit,
1157 2509 1193 2559 ut
1205 2487 1302 2558 aliena
1315 2486 1428 2559 reddat
1452 2491 1586 2584 Qiidde

167 2678 169 2680 q
266 2588 330 2661 istis
347 2611 427 2700 meis
440 2584 599 2658 conatibus
611 2585 726 2700 judicet
772 2587 793 2659 1.
808 2587 979 2673 Gruterus,
1004 2579 1280 2698 nondillimulavit
1302 2581 1526 2682 inpraesatione
1548 2590 1586 2663 ad

268 2691 461 2759 Paurinuni.
482 2682 572 2755 Vale.
596 2685 770 2785 Groningae
783 2709 809 2755 a
824 2684 854 2758 d.
865 2707 929 2755 rii
948 2683 1037 2773 Maii.
1053 2704 1121 2752 crs.
1139 2702 1204 2754 tx.
1218 2703 1288 2750 xxii.

603 2814 990 2888 EPISTOLA
1037 2811 1253 2884 CCXLIV.

258 2937 609 3065 tonitui
691 2938 1355 3038 uincuuauuo
1439 2939 1579 3037 su.

779 3091 1084 3195 Janusoenarus.

144 3213 149 3221 ·
306 3195 363 3254 lul

276 3214 497 3436 Ellclb'ngo
518 3290 675 3367 tempore,
700 3271 745 3338 V.
758 3267 810 3340 ci
823 3266 901 3339 nibil
914 3267 952 3340 de
964 3285 996 3337 te
1012 3265 1063 3337 vel
1084 3262 1177 3338 aridio
1188 3263 1237 3334 vel
1255 3262 1357 3336 rideo.
1405 3267 1577 3338 Liternum

347 3370 569 3443 commercium
580 3362 1039 3463 internospenitusvidcturvel
1048 3357 1299 3458 occupationibus
1310 3363 1387 3446 tuis,
1400 3365 1577 3434 vestiarum
1721 3441 1725 3452 ¹
1789 3365 1793 3374 '

272 3466 496 3564 longinquitate
511 3461 672 3533 sublatum.
720 3467 758 3531 ln
772 3487 823 3532 mc
842 3480 993 3558 quantum
1013 3456 1073 3545 cst,
1096 3477 1223 3529 conatus
1238 3452 1306 3526 sum
1321 3459 1503 3528 memoriani
1514 3460 1578 3528 mci

273 3585 291 3629 a
333 3559 354 3631 d
372 3583 403 3632 te
419 3558 555 3632 suscitare
572 3557 628 3629 scri
650 3579 684 3627 to
702 3559 806 3655 aliquo
828 3558 1031 3654 Panegyrico,
1054 3581 1121 3654 quo
1134 3555 1269 3625 laetifiam
1283 3552 1459 3624 Academiae
1471 3551 1578 3623 nostrae

285 3681 307 3725 u
373 3657 597 3728 victoriisiieci
609 3585 787 3751 adLipsiam
799 3679 853 3726 ore
867 3680 940 3725 meo
954 3677 1095 3749 promere
1106 3652 1200 3747 coepi.
1225 3648 1345 3718 Caetera
1359 3673 1428 3718 mea
1440 3645 1577 3719 studia&

311 3752 384 3825 cslae
404 3751 627 3824 lucubrationes
659 3752 748 3822 artim
760 3774 831 3821 cura
843 3752 887 3821 rei
902 3746 1072 3834 familiaris,
1095 3750 1206 3844 partim
1218 3764 1398 3841 contemptu
1409 3748 1444 3814 bc
1458 3745 1578 3845 iniqui·

270 3869 333 3920 tate
351 3850 444 3920 seculi
459 3847 554 3921 nostri
570 3778 705 3945 pendent
722 3850 904 3944 interrupta.
951 3847 1063 3941 Nepos
1075 3866 1149 3913 cum
1157 3844 1283 3912 tertium
1296 3842 1479 3939 interpolato
1494 3866 1512 3910 a
1525 3865 1577 3915 me
1643 3911 1648 3922 ,

272 3944 294 4014 s
308 3947 431 4045 icilegio
440 3951 501 4034 jain
512 3966 652 4043 quartum
667 3969 784 4015 aritium
800 3947 880 4015 inter
893 3967 1001 4013 marius
1010 3935 1250 4011 avarissimorum
1260 3935 1519 4035 typographorum
1530 3944 1575 4029 ja-

322 4065 371 4113 tur
388 4063 481 4139 atque
492 4043 662 4139 exagitatur.
710 4048 822 4112 Parum
832 4037 931 4125 abest,
955 4059 991 4109 ut
1004 4038 1114 4108 melius
1125 4032 1165 4105 dc
1178 4034 1291 4106 Curtio
1304 4031 1438 4130 sperem,
1461 4042 1545 4125 cujus
1559 4061 1577 4106 a

273 4165 325 4211 me
346 4136 460 4237 insigni
480 4164 572 4234 operi
590 4144 624 4207 dc
640 4163 711 4209 cuia
723 4135 862 4209 recensiti
876 4157 967 4304 argue
978 4134 1117 4205 exornati
1124 4130 1293 4203 editionem
1299 4132 1466 4203 Elzevirius
1478 4130 1517 4201 de
1528 4125 1576 4202 se-

273 4234 378 4307 mestri
394 4238 429 4310 in
446 4230 586 4306 semestre
607 4230 731 4321 differt,
754 4235 896 4307 videlicet
929 4236 996 4322 ujus
1010 4253 1104 4300 morae
1116 4228 1236 4326 culpam
1248 4230 1294 4298 D.
1306 4225 1432 4299 Vossius
1445 4229 1575 4321 imputat

267 4332 416 4419 Heinsio,
440 4335 497 4431 qui
510 4331 586 4403 odio
600 4333 702 4428 geritis
715 4331 910 4402 Germanicae
922 4332 1034 4400 retinet
1044 4321 1575 4422 typographiacsulllaminatpropo

268 4425 375 4504 situm:
396 4451 546 4530 putatque
566 4429 725 4501 nerninem
735 4429 785 4500 vel
796 4425 894 4526 bpcre
906 4421 1255 4619 praetgqsluudros,·iel
1264 4417 1392 4492 scribere
1405 4413 1577 4610 praetgruspg
