4067 5425
514 284 563 353 44
823 246 1609 333 cusnitit-avit,

513 372 610 444 adhuc
625 375 766 458 mirarer,
788 370 965 442 nierorus
982 364 1085 436 noster
1097 387 1183 437 autea
1199 361 1400 481 significasset,
1424 394 1491 439 non
1501 364 1588 440 fuisse
1602 369 1661 442 tibi
1676 374 1684 390 ⁶
1801 402 1840 451 m

371 512 375 523 ·
514 495 609 566 quam
624 469 786 567 aliquando
803 470 836 538 in
851 469 926 536 meis
937 463 974 534 ad
985 460 1015 532 se
1027 464 1146 548 literis,
1171 454 1321 547 fecissem,
1348 461 1385 534 de
1401 468 1543 560 praeclaris
1553 467 1617 578 utiq
1621 492 1691 565 erga
1737 498 1835 571 emp.

512 568 693 637 Literariam
712 566 843 648 meritis,
868 563 1070 632 mentionem.
1118 555 1177 626 Sed
1198 582 1263 627 non
1284 578 1345 627 erat
1366 560 1398 631 id
1419 563 1496 629 tanti
1511 582 1545 631 ut
1557 567 1723 637 amrcitiam
1736 588 1837 640 tuam

512 686 709 757 promererer.
759 666 829 729 lmo
853 678 887 727 tu
909 657 1001 729 nimis
1024 654 1188 739 hirmanus,
1213 656 1268 749 qui
1281 652 1402 725 boumn
1417 681 1523 729 meum
1535 661 1674 731 utimum
1679 715 1690 748 ,
1714 669 1747 733 δι
1762 691 1837 736 no-

513 760 608 827 minis
631 760 676 827 tui
698 776 873 838 amantem,
897 772 960 822 tam
973 749 1071 821 solido
1087 747 1262 836 beneficio,
1285 770 1347 820 tarn
1364 754 1488 848 prolixae
1499 752 1723 830 benevolentia
1736 760 1839 833 testi.

510 850 653 922 litatione
671 847 920 946 compensaveris.
943 849 1065 918 Gratias
1082 849 1185 943 itaque
1198 844 1297 916 debeo
1310 844 1368 917 tibi
1384 853 1417 918 dc
1432 845 1531 921 habeo
1544 874 1666 949 egoque
1681 849 1836 932 summas.

509 954 550 1018 In
566 966 696 1044 utroque
708 947 851 1042 deinceps
861 967 916 1015 tuo
928 942 1081 1014 beneficio
1094 944 1216 1040 gloriari
1229 940 1305 1012 mihi
1317 941 1436 1028 licebit3
1461 970 1532 1019 cum
1547 949 1749 1020 inluculentis
1760 957 1832 1025 tuis

510 1040 780 1115 Dissertationibus
798 1038 966 1140 possideam
978 1037 1154 1110 thesaurum
1176 1037 1294 1109 sincerae
1313 1042 1407 1110 totius
1422 1040 1565 1113 Historiae
1580 1044 1800 1117 Ecclefiasticae
1819 1079 1830 1120 e

507 1143 542 1211 in
564 1136 684 1211 honore
702 1163 775 1209 vero
795 1164 860 1236 quo
884 1163 934 1208 me
956 1132 1095 1223 affecisti,
1142 1135 1233 1206 audio
1244 1159 1315 1205 meo
1331 1136 1513 1233 indulgeam.
1561 1139 1706 1236 Experite
1719 1143 1831 1240 quaeso

509 1263 586 1307 num
653 1255 720 1305 tum
735 1233 842 1305 lubeas
855 1232 1025 1305 debitorem
1033 1262 1043 1316 3
1067 1240 1100 1302 δι
1109 1162 1225 1302 serula
1238 1233 1361 1301 inventa
1374 1231 1435 1325 elli,
1451 1260 1511 1330 qua
1525 1260 1574 1305 me
1587 1235 1698 1332 pollim
1713 1235 1829 1311 osten.

508 1333 580 1403 dere
626 1329 746 1402 eneficii
759 1356 950 1414 memorem,
974 1331 1134 1399 certiorem
1152 1324 1200 1398 sac
1220 1353 1271 1397 me
1285 1324 1403 1399 sedulo:
1429 1332 1625 1428 &quicquid
1642 1337 1828 1424 autoritate,

508 1427 662 1499 sedulitate
677 1434 710 1498 δι
723 1425 950 1524 gratiavalebo‚
974 1423 1082 1495 valebo
1091 1424 1158 1495 tibi.
1185 1422 1536 1497 Multamamesalutem
1544 1430 1664 1526 accipe,
1689 1432 1824 1528 quism.

506 1526 776 1601 vitatemamicitiae
792 1548 852 1595 ate
865 1524 976 1619 accepi.
1000 1524 1128 1591 Lutetiae
1143 1526 1209 1590 Par.
1221 1544 1315 1625 xvir.
1333 1520 1465 1619 August.
1482 1546 1530 1595 cta
1549 1535 1603 1597 tac
1617 1548 1680 1597 xm
1691 1549 1717 1599 1.

870 1652 1256 1726 EPISTOLA
1305 1657 1444 1727 XLVL

501 1782 723 1910 «CL.
829 1754 1721 1876 sluuavtus

997 1926 1110 2029 aaa
1125 1929 1317 2027 erupta.
1439 2016 1442 2021 ,

539 2036 840 2177 Gmllstiicutillunis
851 2104 1029 2273 nephritidis
1043 2106 1177 2200 primum
1188 2102 1335 2176 deinde&
1342 2106 1502 2203 podagra,
1515 2106 1710 2182 balbutientis
1719 2113 1813 2200 licet,

590 2199 763 2286 doloribus,
788 2229 825 2272 ex
837 2207 891 2300 qui
915 2230 949 2273 us
962 2206 1130 2275 etiamnum
1143 2200 1315 2287 decumbo,
1339 2203 1487 2298 plurimos
1499 2203 1715 2295 diesludittus,
1738 2206 1811 2319 pos-

498 2297 565 2369 sum
589 2296 669 2392 apud
680 2318 710 2366 te
724 2295 838 2368 absolvi
852 2297 874 2367 st
887 2296 977 2370 serius
992 2295 1162 2397 gratill‘unis
1175 2301 1234 2368 tuis
1246 2295 1424 2394 respondeo.
1474 2298 1565 2370 Absit
1577 2305 1662 2372 enim
1678 2331 1696 2374 a
1710 2331 1807 2375 mon-

360 2447 367 2457 ,
499 2393 558 2465 bus
605 2394 647 2462 cis
659 2414 695 2461 ut
706 2391 830 2588 insupqrl
840 2392 966 2466 habeam
979 2417 1042 2466 tam
1055 2395 1223 2485 jucundum
1237 2416 1360 2492 tamque
1368 2393 1554 2507 gloriosum,
1578 2402 1804 2499 recompellan-

497 2489 532 2562 di
599 2490 691 2558 cium.
715 2491 773 2560 No
832 2490 909 2562 uaso
922 2490 1668 2589 PhilostorgianituiOperispreuumimminuere:
1693 2523 1803 2595 quam-

393 2599 398 2608 '
496 2589 542 2659 vis
565 2584 684 2656 enim'o
706 2612 823 2656 eramm
832 2587 1115 2687 typographicarum
1127 2584 1257 2683 pluscula
1269 2584 1326 2656 smt
1338 2609 1475 2683 peccata,
1499 2602 1567 2686 quae
1583 2594 1709 2687 repetita
1726 2593 1801 2664 Edi-

494 2685 542 2755 ti0
554 2610 745 2768 emendabit,
770 2709 806 2754 ea
821 2705 924 2756 tamen
935 2687 1072 2782 plurimis
1087 2683 1264 2784 melioribus
1275 2684 1332 2753 tuis
1341 2682 1509 2754 nonsuntae
1533 2686 1703 2782 uipatanda.
1729 2690 1801 2790 Ego

494 2778 665 2876 sanequam
673 2781 705 2847 in
713 2803 752 2847 eo
763 2800 883 2874 autore,
894 2802 960 2852 tum
968 2779 1103 2866 eruendo
1116 2779 1308 2850 tumedendo
1316 2711 1593 2852 &laedentisiunis
1606 2782 1799 2859 Dissertatio-

496 2874 588 2947 nibus
602 2871 753 2944 illustrand
781 2872 1052 2971 posuistioperatn,
1075 2875 1142 2944 satis
1153 2874 1380 2969 pradicarenon
1388 2877 1525 2971 polium:
1549 2884 1799 2978 rogoquenehu-

494 2969 625 3061 jusmodi
640 2970 755 3040 donar'·
778 2969 934 3040 Musarum
949 2975 1060 3068 templa
1073 2995 1179 3041 ornare
1192 2967 1288 3041 celles
1314 2972 1373 3042 Sed
1385 2972 1546 3069 prasertim
1557 2976 1698 3049 codicem
1712 3000 1798 3054 tuum
1859 3038 1861 3040 .

492 3062 746 3139 Theodosrurum
766 3065 819 3137 diu
839 3063 883 3136 est
906 3067 992 3163 quod
1010 3092 1120 3138 omnes
1142 3065 1284 3163 flagitant.
1333 3076 1395 3137 Cur
1410 3091 1464 3138 rua
1477 3073 1567 3141 laxas
1576 3100 1652 3144 arca
1657 3078 1797 3177 flagedaet

491 3161 585 3266 opes?
608 3156 847 3256 Jurisprudentia
859 3162 961 3250 nostra
974 3163 1037 3234 iliis
1051 3161 1256 3233 fundamentis
1267 3159 1475 3259 superstructa,
1498 3163 1615 3238 firmius
1634 3172 1797 3260 innitetur,

492 3277 642 3356 caputque
662 3259 779 3328 attollet
800 3256 920 3346 celsius,
945 3258 1091 3331 steorum
1106 3258 1198 3328 robur
1209 3258 1419 3330 inconcussum
1433 3260 1502 3330 orbi
1517 3262 1703 3357 patefeceris.
1727 3273 1797 3343 Ma-

492 3354 679 3450 nuscriptum
701 3354 788 3423 illum
811 3354 950 3426 codicem
963 3354 1049 3452 quod
1063 3360 1195 3440 attinet,
1208 3381 1226 3425 e
1240 3381 1304 3454 quo
1317 3357 1466 3442 Tilianae,
1485 3358 1674 3448 Cujaclanae,
1698 3371 1731 3435 ἃ
1748 3368 1797 3438 Pi-

488 3453 627 3536 ,thoeanae
641 3448 791 3521 editiones
804 3446 940 3547 exprellae
953 3450 1044 3535 sunt,
1068 3472 1167 3521 extare
1181 3478 1253 3521 eum
1267 3450 1360 3521 audio
1372 3476 1385 3518 a
1410 3451 1451 3522 ud
1466 3451 1517 3548 Jo.
1541 3457 1665 3526 Tilium
1678 3463 1798 3533 Senatus
1880 3541 1886 3548 ,

489 3547 585 3620 nostri
596 3548 819 3617 Exaruarium.
844 3553 936 3631 Quan
960 3574 1030 3617 uam
1046 3568 1149 3618 autem
1162 3545 1230 3642 poll
1242 3569 1291 3617 tot
1302 3477 1461 3645 tantolque
1474 3549 1571 3636 viros,
1610 3556 1794 3629 uieunrver.

490 3646 644 3726 laverunt,
668 3639 776 3712 frustra
784 3573 1000 3738 polittuvideri
1015 3664 1108 3740 queat
1121 3646 1154 3712 in
1169 3668 1207 3713 eo
1222 3640 1410 3740 inspiciendo
1422 3642 1522 3730 labor,
1536 3577 1627 3718 laudo
1638 3669 1796 3726 tamenac·

491 3762 623 3809 curatam
637 3760 722 3807 tuam
741 3739 946 3836 diligentiam,
971 3766 1032 3837 qua
1046 3738 1122 3814 nihil
1133 3742 1314 3811 intentatum
1325 3741 1489 3836 relinquis,
1517 3761 1551 3810 ut
1564 3747 1653 3814 omni
1667 3772 1796 3847 exparte

490 3833 629 3906 absolvas.
680 3834 769 3904 Num
793 3857 896 3906 autem
918 3836 1050 3909 difficilis
1072 3841 1106 3904 dc
1129 3835 1265 3907 morosus
1287 3832 1376 3905 senex
1400 3861 1439 3906 eo
1461 3834 1541 3906 libro
1569 3842 1644 3910 velit
1677 3846 1795 3943 aliquot

445 3987 449 3996 .
489 3927 606 4002 menses
626 3950 740 4014 carere,
764 3956 829 4026 quo
847 3933 940 4027 poliit
952 3932 1084 4029 semper,
1108 3935 1142 4000 in
1157 3955 1240 4003 tuam
1252 3935 1464 4026 literarumque
1530 3933 1795 4013 tiamscdulodis·

490 4030 627 4124 quium,
642 4020 696 4092 ubi
703 4028 901 4099 convaluero:
925 4051 1019 4129 teque
1032 4030 1071 4101 de
1088 4053 1123 4099 ea
1136 4052 1168 4101 re
1181 4030 1269 4101 omni
1280 4028 1373 4099 literis
1388 4054 1465 4099 mon
1527 4035 1621 4104 .Lut.
1633 4040 1698 4110 Par.
1711 4037 1791 4112 Prid.

493 4117 662 4208 Idodob.
681 4141 729 4191 cra
743 4143 863 4195 racxur
874 4150 901 4195 1.

1689 4402 1796 4495 uer·
