4067 5425
533 296 874 373 vtnorun
927 296 1317 387 Errs‘ronn.
1434 310 1581 411 '1'49

263 418 469 497 nosfirnditus
482 423 685 519 extirptntrrr,
693 426 727 492 δι
735 406 931 491 eradicentur.
962 417 1217 519 Reliquurnclle,
1240 444 1277 494 ut
1288 422 1344 521 ipsi
1359 408 1579 503 hanneren-

263 519 345 591 ditos
359 525 393 589 δε
408 516 546 590 cordatos
681 520 715 587 in
732 516 903 589 Gennania
922 510 1144 605 cohortmttu,
1174 539 1209 589 ut
1219 522 1364 615 religioni
1376 522 1455 594 ferre
1466 523 1577 624 suppe-

263 617 320 685 tias
333 617 439 686 velint
468 615 498 684 E
511 642 533 715 q
556 618 563 631 '
587 639 621 685 us
632 614 786 712 certeplus
797 637 891 709 quam
905 634 1177 711 monogrammum
1191 614 1388 712 amplissimus
1401 623 1508 694 Praesul
1523 651 1575 697 me

260 714 397 810 primum
410 713 568 782 nominare
581 709 722 782 decrevit.
770 708 830 781 Sed
842 731 945 779 tamen
960 712 1154 782 committere
1168 736 1236 782 non
1249 713 1362 801 voluit,
1387 720 1464 812 quin
1472 744 1524 788 mc
1532 722 1572 793 dt

262 809 482 878 nonnullorum
492 806 699 904 inpudentia,
713 804 873 904 dequibus
878 807 987 876 Romae
992 807 1388 895 intellexerat,admonerct,
1396 813 1572 909 quiTheo-

259 903 342 976 niuis
353 903 493 975 dentibus
505 903 620 975 famam
633 928 735 975 meam
747 901 936 987 moderent,
959 908 993 972 δι
1007 904 1177 974 lacerarent
1216 903 1315 1003 quue
1328 932 1368 977 eo
1379 906 1508 985 consulo
1521 909 1570 985 fe-

262 1001 307 1067 eit
315 998 601 1094 prudentissimus&
610 998 671 1069 hoc
683 994 939 1097 propesolosadlo
953 997 1331 1099 illustrillimusPrinceps,
1349 1024 1383 1073 ut
1393 1002 1474 1075 labes
1487 1007 1566 1080 mhi
1602 1071 1610 1089 ,

263 1091 382 1191 aspersis
393 1097 476 1193 prius
488 1095 708 1264 &ſtriim'
724 1122 818 1194 quarn
829 1094 900 1165 huic
906 1091 1008 1166 studio
1022 1121 1073 1199 me
1085 1120 1287 1194 prepararem
1336 1101 1566 1198 Equidemtron

258 1191 435 1287 ignorabam
443 1194 554 1263 Roma
605 1219 640 1280 e,
654 1196 710 1289 qui
722 1218 839 1262 nomen
846 1217 952 1262 meum
964 1188 1153 1288 sugillarent,
1175 1189 1226 1263 sed
1238 1198 1401 1293 tamenqui
1410 1196 1488 1268 mihi
1500 1220 1564 1275 tarn

257 1285 448 1360 manifestam
463 1291 647 1362 calumniam
659 1292 857 1387 impingeret,
881 1313 976 1384 quam
992 1315 1009 1358 a
1023 1310 1054 1357 te
1068 1285 1316 1376 fieriaudiebam,
1341 1296 1562 1370 neminemellc

260 1379 387 1481 usquam
398 1411 438 1456 ne
450 1382 600 1457 somniate
614 1383 742 1482 quidem
755 1387 853 1482 pomi.
871 1386 1095 1475 Ajuntenimtc
1106 1384 1286 1497 detorquere
1296 1385 1496 1489 nescioquam
1504 1420 1563 1465 vo-

253 1482 352 1550 culam
364 1479 576 1577 impressorum
589 1484 705 1552 incuria
717 1481 906 1576 depravatam
917 1479 955 1550 ad
971 1507 1071 1551 meam
1089 1483 1319 1577 ignommiam,
1347 1486 1485 1585 adeoque
1497 1487 1561 1561 ful·

252 1578 338 1645 mina
352 1578 491 1674 quaedam
504 1582 679 1649 orationum
693 1573 836 1663 scribere,
859 1584 892 1646 &
906 1572 1057 1653 misellum
1071 1574 1229 1647 Erasmum
1242 1574 1445 1653 inlacernmis
1454 1582 1558 1658 studiis
1686 1645 1696 1667 .

256 1669 450 1743 desudantem
464 1676 507 1745 ita
520 1673 693 1761 traducere,
718 1697 752 1742 ut
764 1698 847 1743 nunc
855 1676 961 1744 omnia
973 1670 1059 1761 fora,
1083 1676 1190 1746 omnia
1204 1676 1335 1770 templa,
1358 1682 1558 1754 omniacom·

276 1769 332 1853 ita,
354 1772 461 1839 omnia
471 1773 628 1854 convivia,
652 1769 730 1840 nihil
741 1769 823 1841 aliud
834 1790 974 1865 crepent,
1005 1796 1100 1868 quam
1113 1765 1291 1866 sacrdegum
1307 1768 1490 1862 Erasmnm,
1521 1786 1555 1848 δε

250 1791 398 1935 incentis
409 1870 500 1936 tauris
507 1865 667 1939 Phalaridis
678 1866 818 1963 dignum.
853 1871 931 1956 Quo
942 1866 1048 1939 audito
1061 1869 1163 1937 muari
1179 1869 1350 1964 principio,
1374 1867 1485 1942 deinde
1497 1872 1560 1942 ob-

148 2044 153 2051 ,
252 1955 444 2057 stupescere,
473 1961 627 2059 postremo
639 1966 733 2033 etiam
746 1958 944 2059 obstipescere
957 1965 1065 2059 coepi,
1096 1963 1173 2060 quid
1185 1985 1216 2033 te
1228 1963 1395 2051 induxerit,
1428 1988 1463 2036 ut
1478 1967 1557 2040 mihi

252 2080 319 2125 non
333 2058 388 2127 alin
395 2062 529 2145 ratione,
551 2085 645 2158 quam
652 2061 761 2150 injuria
771 2080 863 2130 notus
871 2055 931 2131 else
948 2060 1030 2131 velis.
1079 2061 1209 2130 Nomen
1225 2062 1310 2130 enim
1330 2081 1419 2131 tuum
1438 2065 1555 2162 alioqui

251 2155 580 2251 nunquamaudieram.
603 2158 840 2252 AgemiPetre‚
857 2154 1153 2253 teoroobtestorque
1161 2156 1332 2252 perviscera
1340 2156 1456 2229 Christi
1466 2166 1557 2259 cogi·

249 2249 1554 2446 ffilzsllllllllllllstilli’cllllliillall⁹lallll⁶lllll

248 2437 392 2521 siciamus
406 2443 458 2514 has
469 2467 533 2516 tarn
542 2444 672 2543 insignes
687 2446 866 2530 calumnias,
890 2440 1058 2535 cujusmodi
1071 2446 1155 2516 misse
1167 2444 1300 2535 objicere
1315 2450 1407 2517 etiam
1411 2447 1554 2561 diligen-

248 2535 383 2623 tillimis,
407 2547 440 2610 dt
456 2538 643 2613 sanetisfimn
653 2539 831 2612 doddonbus
845 2538 944 2637 pollis.
969 2542 1055 2610 Nam
1067 2561 1104 2610 ut
1115 2539 1239 2611 tandmn
1254 2540 1293 2612 ad
1306 2567 1372 2613 rem
1386 2548 1552 2632 veniamus,

249 2633 326 2731 quid
340 2632 466 2706 obsecro
479 2634 755 2737 flagitiicommissi.
779 2639 920 2708 Attalum
935 2662 991 2707 ceu
1005 2635 1162 2707 imbellem
1173 2639 1359 2723 notaverim,
1383 2664 1477 2736 quem
1483 2645 1554 2715 He·

249 2751 357 2801 catanus
374 2735 407 2801 in
420 2733 606 2830 Dionysium
620 2730 785 2829 doningen
802 2741 826 2837 ιζ,
842 2734 965 2826 ἄμαχον
986 2734 1114 2831 adpellat
1129 2739 1143 2805 i
1173 2760 1213 2804 au
1225 2731 1303 2804 mihi
1316 2734 1554 2830 dependendum

248 2824 313 2912 est,
336 2827 422 2926 quod
433 2830 688 2928 typographorum
704 2835 712 2851 '
737 2835 823 2904 navia
833 2830 1006 2904 commisat?
1029 2852 1081 2902 aut
1094 2855 1251 2902 noueram
1261 2854 1322 2928 ego
1329 2832 1362 2899 in
1370 2834 1550 2927 Anticyram

248 2923 425 3023 relegandus
444 2947 619 3025 perpenso,
649 2857 951 3026 quiinellicosrffimae
971 2931 1115 2999 omnium
1136 2929 1298 2998 nationum
1318 2927 1410 2996 Italiac
1433 2925 1554 3000 auferre

246 3015 326 3091 hauc
335 3024 465 3119 gloriam
480 3032 624 3096 conare?
646 3048 725 3096 certe
737 3028 874 3098 norninis
885 3027 947 3094 mei
961 3023 1075 3095 oblitus
1084 3021 1142 3094 elle
1154 3023 1252 3095 videri
1265 3021 1381 3121 pollem
1395 3077 1405 3110 ,
1431 3021 1454 3094 sr
1468 3028 1554 3096 Lati-

249 3140 384 3205 nomm,
416 3118 661 3220 Graecorumque
677 3120 843 3194 hominum
860 3117 970 3217 scripta
990 3123 1098 3192 omnia
1112 3122 1203 3190 ltalia
1216 3119 1352 3201 laudibus
1365 3115 1555 3217 amplillinlis

245 3205 354 3287 scatere
366 3241 432 3287 non
444 3216 658 3289 meminissem
707 3221 860 3315 Praecipue
873 3242 948 3289 vcro
957 3214 1027 3304 his,
1132 3216 1170 3286 ad
1182 3217 1357 3300 literam,
1384 3222 1418 3286 δι
1432 3220 1549 3290 militie

247 3311 377 3404 gloriam
385 3311 527 3410 spesdant
577 3320 699 3387 Vertun
710 3314 788 3386 adeo
801 3313 916 3384 nullam
928 3316 963 3384 in
976 3339 1029 3384 mc
1061 3310 1244 3410 uspitionem
1257 3310 1422 3386 inferenda
1435 3317 1554 3406 injuriat

248 3428 345 3478 extare
359 3434 463 3497 nunc,
489 3430 543 3480 aut
551 3409 727 3481 extitilleun
751 3436 820 3481 uam
834 3406 916 3479 testis
927 3408 972 3481 est
985 3407 1063 3480 milri
1075 3412 1194 3481 animus
1205 3434 1306 3497 meus,
1330 3433 1403 3481 cum
1413 3408 1552 3483 lmudre-

245 3500 295 3572 sie
306 3507 517 3591 meminerim,
540 3505 596 3577 ubi
609 3506 649 3579 de
661 3512 694 3576 A
750 3510 773 3576 's
788 3503 907 3577 istascri
928 3508 967 3576 tis
980 3508 1057 3576 meis
1069 3505 1271 3604 prodiderim,
1288 3517 1556 3618 nequeeramun-

246 3623 341 3694 quam
356 3601 666 3690 animadversurus,
687 3532 1033 3675 nstananuenismeus
1044 3602 1215 3674 recordatus
1227 3596 1328 3669 suisset
1343 3600 1553 3695 mproverbio

246 3701 412 3795 hayconius
418 3702 553 3782 Calvus,
567 3696 939 3799 talequidpiamelse,ubi
952 3697 1052 3769 [latim
1058 3695 1245 3794 deprehendi
1254 3692 1463 3782 formularios,
1479 3701 1552 3794 qui-

246 3786 304 3859 bus
319 3817 385 3864 non
400 3791 466 3866 satia
477 3791 623 3867 familiare
638 3817 700 3867 erat
711 3799 887 3867 Attalonun
900 3820 1034 3879 nomen,
1058 3821 1095 3865 ex
1108 3820 1148 3863 eo
1160 3794 1272 3863 Italum
1278 3788 1389 3863 secisse.
1437 3797 1545 3892 Atque

243 3889 366 3958 utinam
375 3887 453 3961 mili
463 3917 530 3961 non
541 3892 680 3990 quotidie
695 3889 868 3985 hujusmodi
880 3890 1021 3991 tragedia
1033 3892 1240 3960 excitarentur.
1264 3889 1550 3983 Nuperenimcum

244 3985 327 4054 inter
339 3985 579 4082 imprimendum
589 3986 745 4059 excusores
758 3992 942 4088 aliquotcon
963 3983 1043 4057 uelli
1054 3983 1196 4072 firillent,
1216 4009 1268 4054 me
1283 3982 1341 4053 sabi
1353 3988 1453 4056 Xenia
1466 4012 1548 4058 non-

243 4078 320 4151 dum
335 4081 521 4176 persolvisse,
544 4107 664 4156 exortus
677 4082 814 4157 cll-inter
826 4109 880 4156 eos
893 4014 1020 4180 quidam
1041 4084 1153 4152 caetern
1164 4082 1376 4167 vinolentior,
1407 4083 1463 4179 qui
1472 4108 1548 4177 pro-

242 4173 420 4249 fitereturse
434 4203 540 4276 penas
552 4205 569 4249 a
581 4207 632 4252 me
645 4181 821 4253 exasurrum
837 4236 847 4267 ,
871 4181 906 4250 ni
920 4179 1032 4251 darem
1082 4183 1191 4276 Atque
1201 4177 1236 4248 id
1244 4172 1388 4273 profesto
1397 4197 1552 4249 veterator

143 4275 159 4312 ⁰
240 4261 1561 4375 tamegregieeffecit,usaureisnummistrecentisredunerceamignominiamvoluis-'

239 4369 312 4444 sem.
345 4372 433 4446 Cum
445 4372 571 4445 emmiu
584 4374 773 4463 viduatam,
782 4401 880 4475 quam
888 4369 1087 4539 Strepilsmtae
1094 4370 1240 4468 Unguiae
1252 4366 1552 4466 Reginaedeltave·

1015 4493 1032 4564 3
1485 4489 1552 4543 run
