4067 5425
269 483 274 500 .
401 450 455 523 24
693 412 1442 497 MGonrrErrsronnr.

406 542 606 627 ciuitates,
631 535 741 611 faciam
751 532 967 622 libencisfuue,
980 534 1037 606 ubi
1049 532 1197 608 rescivero
1204 589 1215 622 ,
1238 530 1722 609 utnediutiusdesrderiumtuum

401 636 634 711 sufflaminetur.
680 634 790 707 Fidem
803 659 990 733 operamque
1001 659 1106 706 meam
1118 635 1224 733 quavis
1235 631 1395 704 occaslone
1408 633 1725 732 meritistuisprobare

406 728 1291 928 nqnuntunnduuu
1306 725 1728 901 ”cumcurl

406 954 489 1028 pere.
511 925 608 1000 Nosti
620 928 796 998 varietatem
807 927 885 1000 tanti
896 926 963 996 viri
994 930 1098 1023 Luget
1112 926 1215 998 matris
1225 920 1283 993 suae
1295 922 1406 1014 finus,
1429 921 1516 1023 quod
1521 923 1729 1022 inpedimen-

407 1049 443 1097 to
458 1023 537 1114 suit,
561 1021 688 1120 ncstpe
700 1045 793 1123 atque
807 1025 920 1093 itenun
932 1022 1110 1095 deminutis
1121 1018 1333 1093 notationibus
1343 1021 1575 1124 interpellarem·
1606 1022 1728 1094 Rever-

411 1145 458 1194 tar
469 1143 572 1193 autem
579 1123 702 1216 Hrgam
717 1120 767 1193 die
782 1117 919 1206 crastini,
943 1125 978 1190 δι
992 1120 1096 1217 quoad
1108 1141 1237 1217 potero,
1259 1116 1376 1191 summa
1388 1144 1451 1216 ope
1463 1119 1577 1206 enitar,
1600 1139 1636 1189 ut
1647 1142 1726 1191 voto

407 1217 517 1292 nostro
529 1213 713 1289 satisfaciam
737 1217 907 1289 Prolixiora
916 1218 1068 1287 voluntati
1080 1240 1152 1314 erga
1165 1242 1217 1288 me
1229 1236 1287 1286 tuae
1296 1214 1414 1304 debeo,
1437 1239 1531 1313 quam
1543 1212 1610 1285 satis
1624 1214 1729 1312 super·

407 1310 896 1416 queinnegotioDuysburgensr
975 1315 1199 1411 pedametiam
1209 1337 1293 1384 mure
1306 1308 1606 1385 mirificeexosculor.
1665 1310 1730 1385 uod

408 1416 496 1483 euim
508 1413 655 1510 opinioni
669 1431 909 1482 erenursnonre
921 1409 1082 1507 ponderit,
1106 1412 1336 1506 eq‘lqmmdlp
1353 1413 1519 1501 erupta«.
1544 1416 1666 1507 Propen
1678 1433 1730 1479 to·

410 1533 488 1581 nem
501 1532 586 1580 tuam
597 1509 691 1604 pluris
700 1503 805 1595 facio,
835 1529 926 1606 atque
947 1532 1078 1578 omnem
1090 1507 1225 1577 inustum
1245 1504 1360 1578 etiamsi
1380 1504 1580 1577 uberrimum
1627 1506 1731 1579 Solam

411 1607 645 1677 tritnnvirorum
659 1601 834 1676 nostromm
843 1602 1026 1676 sententiam
1040 1628 1115 1673 auro
1127 1604 1218 1672 omni
1229 1623 1321 1701 atque
1331 1600 1486 1714 stipendio
1491 1599 1729 1675 connaaestimo.
1866 1595 1874 1606 ’

413 1700 473 1775 lns
522 1704 528 1717 '
560 1704 680 1773 viruttis
691 1703 783 1774 multi
793 1703 889 1772 etiam
902 1698 966 1770 sine
978 1701 1092 1770 virtute
1106 1695 1263 1770 consecuti
1275 1696 1361 1770 sunt:
1385 1700 1637 1772 taliumvirontm
1649 1720 1731 1771 tauta

414 1726 633 1897 ffiffiqm
643 1795 706 1870 sola
718 1801 814 1870 virtut
826 1792 937 1893 potest·
985 1795 1142 1893 Equidem
1163 1798 1367 1893 arrogantiam
1380 1820 1511 1868 omnem
1523 1797 1732 1893 maximopere

412 1891 554 1983 fastidio,
577 1891 895 1968 tamenblandimenta
904 1887 978 1979 ista,
1002 1917 1115 1991 quaeex
1128 1917 1232 1964 amore
1249 1887 1658 1990 tirmnunproficiscunnu,
1681 1912 1734 1963 aut

414 1989 495 2066 mihi
508 2014 561 2064 aut
567 1991 716 2063 Ciceroni
728 1986 865 2085 ignoscas
877 1989 982 2061 velim.
1031 1991 1189 2061 Caetenun
1200 1991 1269 2059 Dei
1281 1992 1461 2061 inmortalis
1471 1986 1735 2062 benefidoufin-

415 2090 513 2187 gulari
532 2090 591 2159 viri
609 2083 854 2253 incoprgnbilis
874 2084 1038 2157 Gronovii
1057 2084 1155 2158 nostri
1177 2085 1335 2183 diligentia
1352 2083 1438 2157 saluti
1450 2083 1624 2157 studiorum
1645 2111 1736 2157 meo-

415 2211 486 2258 rum
498 2208 552 2281 egr
592 2183 600 2198 '
630 2179 678 2251 isti
744 2180 800 2254 odi
813 2183 931 2254 ratione
944 2179 1140 2281 prospectum
1153 2180 1198 2254 est
1211 2236 1222 2270 ,
1244 2207 1313 2283 quae
1324 2184 1427 2255 multis
1439 2178 1605 2281 parafingis
1619 2179 1736 2281 superat

414 2285 547 2355 inertem
574 2275 704 2350 ecessum
716 2276 809 2350 isbun
820 2280 855 2349 in
868 2275 974 2351 Rheni
987 2281 1087 2353 litore.
1136 2280 1250 2378 Nuper
1268 2277 1439 2351 tradebatur
1456 2282 1554 2376 Hagae
1567 2282 1646 2350 curis
1658 2282 1738 2352 meis

415 2374 604 2465 adolescens,
626 2395 680 2447 aut
692 2378 811 2466 juvenis
820 2378 925 2473 potius
937 2374 1378 2474 nobunulocupletisfimus,
1401 2402 1498 2476 quem
1507 2399 1612 2473 regere
1627 2376 1735 2448 obito*

418 2477 524 2566 aium,
548 2480 581 2544 δι
596 2497 652 2570 per
664 2471 924 2545 Galliamluliam
935 2495 1028 2574 atque
1038 2476 1110 2547 alias
1122 2476 1209 2546 Euro
1266 2477 1411 2573 regiones
1421 2478 1491 2545 rice
1504 2470 1737 2572 studiorumque

417 2566 577 2670 prafedus
586 2571 757 2643 comitarer,
805 2576 916 2644 Praetet
928 2570 1062 2644 libenun
1074 2597 1205 2644 omnem
1209 2500 1366 2670 stimpurm
1377 2567 1557 2669 promissum
1568 2568 1740 2647 estliberale

417 2669 582 2739 &lautum
594 2668 803 2765 congiarium,
827 2666 1277 2761 adjuudoetiamsertulojussu
1289 2671 1367 2753 meis
1378 2670 1524 2767 pariurro.
1545 2669 1740 2741 Initiomeu-

417 2763 457 2840 su
474 2766 611 2863 proximi
622 2761 716 2836 bonis
736 2762 843 2837 avibus
861 2768 921 2837 iter
938 2764 1097 2862 ingressuri
1115 2766 1250 2839 Galliam
1269 2787 1380 2838 terrum
1393 2788 1497 2863 petere
1516 2764 1740 2842 constituimus

418 2862 503 2934 Ecce
516 2883 619 2934 autem
630 2886 726 2962 quam
737 2863 858 2934 dierum
869 2860 1014 2959 aliquots
1043 2865 1090 2934 tio
1103 2864 1137 2933 in
1149 2859 1274 2935 filutem
1280 2888 1381 2935 meam
1392 2861 1567 2961 conspirent
1577 2859 1657 2951 fata,
1670 2886 1741 2963 qua

420 2958 545 3032 tandem
558 2958 702 3031 videntur
713 2957 907 3030 acerbitatem
982 2961 989 2976 ’
1013 2987 1048 3032 e:
1072 2958 1210 3057 undique
1227 2984 1269 3030 ne
1287 2961 1438 3057 cogitanti
1458 2959 1586 3060 quidem
1605 2958 1666 3032 sese
1677 2968 1739 3052 jam

419 3053 555 3129 offentnt
564 3058 679 3154 opime
690 3061 724 3126 δι
735 3053 841 3126 studiis
848 3053 1274 3128 liberalibussatiscommodae
1286 3053 1469 3128 occasiones.
1499 3054 1651 3130 Consules
1657 3081 1741 3154 opu·

419 3151 589 3223 lurtill'mrae
603 3149 687 3221 urbis
697 3150 752 3222 diu
764 3154 960 3266 multumque
972 3150 1137 3226 lulinntes
1149 3151 1274 3225 tandem
1287 3179 1339 3225 me
1353 3155 1435 3224 ultro
1450 3176 1648 3251 evocaverant
1656 3151 1743 3226 sum·

409 3318 412 3321 ,
491 3245 559 3318 satis
568 3245 745 3344 splendido,
768 3268 935 3346 utegregro
940 3248 1068 3347 publico
1079 3247 1577 3323 animadversionetBlondelliauas
1588 3274 1743 3323 curarem:

417 3269 643 3442 iidiquedomi
655 3340 805 3417 lubebam
817 3347 977 3417 volumina
987 3346 1131 3435 Baronii,
1156 3372 1228 3419 cum
1240 3348 1333 3419 literae
1354 3348 1477 3419 unum
1499 3348 1660 3420 Gronorii
1672 3346 1743 3419 red·

422 3440 582 3526 detentu,
605 3464 673 3538 quae
685 3442 877 3537 provinciam
888 3441 1037 3516 laudatam
1049 3441 1236 3533 offerebant,
1259 3450 1343 3538 cujus
1356 3441 1742 3544 pobiaconsestimllagam

425 3561 587 3610 excurrens
594 3532 746 3611 confeci:
768 3537 1259 3637 ideoqueAmlielodamensrbus,
1282 3541 1745 3641 quorumar'oitrioconditioni-

422 3633 481 3706 bus
494 3628 767 3731 adhuesuspensu,
780 3630 848 3708 sum
868 3637 1098 3710 tunondumco
1242 3640 1543 3730 ,minimeteneor,
1566 3665 1661 3739 quarn
1689 3665 1745 3712 ro-

423 3733 526 3818 xime,
551 3755 745 3831 quanquam,
768 3753 804 3802 ut
815 3661 933 3819 soient,
955 3736 1115 3829 prolixisr
1169 3737 1239 3809 iser
1252 3733 1306 3807 ista
1317 3734 1476 3808 occasione
1488 3666 1746 3851 spemprosesfio-

424 3830 473 3898 nis
485 3824 645 3914 fecerant,
670 3828 920 3902 commendatum
934 3853 1013 3926 opus
1024 3829 1189 3904 restituam.
1237 3833 1437 3907 Redeuntem
1450 3853 1525 3947 ante
1534 3836 1652 3947 aliquot
1662 3833 1749 3924 dies,
1875 3810 1878 3815 Ι
1955 3876 1962 3893 ι

401 3934 408 3941 ’
423 3920 501 3998 fabia
511 3929 572 4013 jan
586 3921 901 4022 Hagesiipulatione‚
926 3950 977 3997 me
988 3930 1110 4026 excepit
1124 3931 1157 4000 in
1170 3926 1227 3999 hac
1240 3927 1316 4000 urbe
1329 3931 1418 4002 Mori
1430 3927 1528 4002 nolin
1542 3927 1689 4029 epistola,
1709 3937 1750 4003 δι

424 4044 519 4118 quam
529 4014 743 4093 huuaniffune
757 4019 897 4118 surgulari
909 4021 1077 4096 verborum
1088 4027 1249 4097 lenocinio
1259 4024 1462 4100 adbonestam
1475 4052 1562 4125 aque
1576 4031 1751 4126 optimam·

303 4196 308 4211 .
324 4156 329 4167 ·
425 4141 487 4214 que
496 4112 659 4186 stationem
672 4118 828 4205 invitavit,
851 4140 887 4189 ut
901 4120 1042 4193 Salmurii
1056 4125 1097 4192 in·
1108 4120 1269 4213 Amyraldi
1289 4121 1480 4195 celeberrimi
1494 4121 1656 4223 Theologi
1673 4125 1755 4198 aedi-

426 4211 485 4287 bus
498 4213 556 4284 uiri
568 4208 752 4283 nobiliffimi
763 4218 863 4302 ,inter
872 4218 962 4311 regni
974 4219 1150 4316 prunarios,
1165 4217 1410 4305 filiisduobusad
1424 4218 1596 4294 Historiun
1611 4245 1757 4295 veterem

425 4306 597 4387 docendam
611 4307 771 4406 praeessem
820 4307 969 4384 Ostendit
1008 4335 1094 4386 rater
1113 4313 1301 4412 stipendiun
1314 4315 1519 4391 sexcentarum
1537 4317 1682 4391 librarum
1694 4342 1760 4389 an-

426 4432 542 4494 nuum,
565 4431 584 4476 e
598 4402 748 4504 vestigio,
771 4406 947 4482 dummodo
957 4340 1053 4482 adesse
1066 4410 1250 4507 pollicerer,
1301 4438 1339 4484 ro
1352 4415 1461 4487 itinere
1473 4438 1600 4488 cennun
1610 4415 1703 4489 libras
1719 4415 1761 4482 in

359 4503 362 4509 ’
427 4499 882 4603 hisceregionibucpctipolle.
911 4507 1141 4599 Haec,Grari
1245 4510 1252 4527 ⁸
1324 4512 1761 4613 e,quaepraefiicininarr0,

1701 4629 1769 4703 pro
