4067 5425
472 363 538 432 168
684 360 969 437 ciliis.
1020 386 1093 434 uu
1139 358 1568 435 Doeiisslit.

487 516 572 561 atum
587 490 736 589 prudens,
761 496 838 587 quin
854 516 933 588 quos
948 487 1061 587 quibus
1069 487 1207 586 preferre
1220 487 1369 575 debeam,
1394 484 1787 585 diligenterapudmecon·

462 515 597 659 diruam.
648 595 754 682 Itaque
769 612 833 655 non
849 589 952 683 potuit
964 583 1043 654 milii
1057 613 1122 656 non
1194 586 1349 657 vissimum
1365 582 1422 655 elle
1435 582 1575 654 officium
1588 580 1661 651 istuc
1676 602 1783 671 tuum,

465 710 499 753 ac
513 682 667 780 suigularis
681 705 751 778 erga
763 709 813 751 me
825 682 1047 752 benevolentiae
1063 687 1146 753 certis
1163 709 1261 753 imum
1274 702 1507 779 argumentum
1525 678 1610 777 quod
1626 680 1666 748 ita
1678 675 1780 750 sedulo

464 801 494 849 te
510 779 542 851 id
554 804 655 849 curare
671 779 889 874 intelligerem,
916 782 961 848 uti
980 779 1026 846 D.
1052 780 1238 877 Majoragius
1251 833 1261 866 ,
1287 804 1382 876 quem
1395 801 1457 873 ego
1468 784 1529 866 jam
1545 797 1632 845 antea
1644 800 1682 844 ex
1695 776 1783 845 lucii·

461 873 653 945 bmtionibus
662 880 722 963 jam
735 874 822 944 editis
836 878 911 944 tanti
926 872 1077 959 facerem,
1101 874 1152 945 sua
1168 879 1274 972 scripta
1279 901 1333 973 per
1340 899 1390 943 me
1424 877 1525 959 otius,
1540 872 1782 968 qiiamquemvis

464 972 557 1040 alium
572 972 704 1067 evulgari
720 995 865 1066 cuperet:
891 971 986 1068 idque
997 975 1091 1041 etiam
1105 994 1140 1041 ιιι
1153 999 1254 1042 curare
1269 998 1335 1042 non
1349 898 1464 1041 deliras
1479 1021 1491 1054 ,
1522 967 1718 1037 vehementer
1730 987 1778 1053 te,

465 1069 511 1135 mi
524 1068 570 1135 D.
582 1067 750 1153 Cicerino‚
775 1091 833 1137 oro
847 1088 938 1164 atque
954 1065 1091 1137 obtestor
1112 1097 1121 1139 ι
1155 1067 1304 1165 simulque
1313 1090 1442 1163 precor,
1474 1084 1573 1133 utine
1586 1061 1666 1158 apud
1679 1060 1779 1159 ipsum
1845 1110 1849 1115 -

398 1216 401 1223 .
460 1164 506 1231 ita
520 1162 738 1249 commendes,
762 1184 797 1232 ut
808 1160 900 1234 semel
914 1160 1165 1259 persuasiffimiim
1177 1163 1303 1250 babeat,
1328 1162 1405 1232 nihil
1419 1160 1494 1244 elle,
1516 1162 1553 1229 in
1566 1156 1666 1254 quosi
1685 1161 1780 1255 (lpo-

457 1257 943 1426 'lirurllltili
956 1257 1777 1430 eleusinum

990 1384 1000 1425 ι
1084 1384 1114 1427 ui
1179 1385 1204 1427 ir
1228 1385 1265 1427 ex
1604 1390 1614 1427 ·,

464 1475 499 1520 ac
511 1449 579 1522 fore
592 1453 679 1548 spero
693 1504 705 1535 ,
723 1380 837 1540 Ἐξιῗις
852 1380 1084 1523 exidimationis
1099 1480 1228 1524 menon
1245 1452 1342 1523 facile
1398 1454 1493 1521 nitere
1505 1472 1643 1544 unquam
1656 1348 1775 1519 diligt,

462 1546 726 1642 Qodssenedidli
742 1544 969 1642 loviiopuseula
978 1550 1103 1640 attinet,
1118 1545 1215 1619 solum
1224 1551 1294 1621 ideo
1302 1575 1336 1619 ea
1387 1542 1645 1618 &enuseiicudere
1653 1540 1774 1630 distuli,

459 1640 696 1740 quodsperarem
702 1641 831 1715 subinde
840 1642 955 1741 aliquid
961 1646 1089 1739 amplius
1096 1644 1133 1714 ib
1142 1671 1180 1715 eo
1189 1641 1581 1742 scriptum,'pertemilsum
1595 1641 1651 1725 iri,
1666 1642 1776 1738 quoli-

457 1737 557 1809 bellus
564 1741 912 1838 alioquinimisexiguus
921 1737 1037 1808 futinus
1052 1737 1530 1840 formamquoqueaugulliorem
1537 1733 1772 1810 nancisceretura

458 1860 525 1904 non
533 1837 628 1907 credis
636 1840 731 1922 enim,
739 1836 1261 1934 miD.Cicerine,quantumnonne
1283 1833 1774 1935 ligisolum,sedconte1nnietiani

459 1927 573 2033 soleant
584 1930 680 2002 libelli
692 1933 782 2016 tales,
806 1931 975 2027 quamlibet
989 1932 1100 2002 eiiiditi
1111 1930 1230 2029 scripti,
1248 1862 1352 2004 lirion
1364 1954 1423 2004 tres
1437 1953 1488 2003 ιιιι
1501 1951 1631 2028 quatuor
1648 1932 1774 2028 pagellas

457 2029 614 2099 excedant.
663 2027 758 2097 Adeo
776 2033 835 2115 jani
857 2025 900 2096 est
914 2026 1109 2123 depravatum
1124 2031 1210 2099 malis
1221 2028 1420 2125 opinionibus
1434 2029 1521 2125 vulgi
1532 2025 1704 2115 judicium,
1736 2048 1771 2097 ut

456 2126 570 2195 nullius
583 2124 641 2196 esse
653 2129 748 2221 precii
763 2144 897 2220 putent,
928 2123 1014 2221 quod
1027 2127 1113 2195 nullo
1128 2123 1192 2197 fere
1206 2129 1309 2222 precio
1325 2128 1432 2198 venale
1446 2124 1616 2221 exponitur.
1665 2128 1770 2221 ltaque

452 2218 514 2289 nifi
527 2219 696 2317 sperassem,
721 2220 838 2318 aliquid
851 2218 1098 2315 lucubrationum
1110 2223 1189 2291 illius
1206 2244 1236 2292 te
1249 2223 1352 2294 denuo
1364 2222 1401 2293 ad
1414 2247 1473 2291 nos
1486 2215 1659 2304 missurum,
1683 2219 1783 2317 quod„

457 2320 579 2387 anneeti
594 2320 652 2387 illis
667 2316 819 2412 prioribus
834 2312 949 2414 pollet,
972 2317 1151 2414 jampridem
1165 2317 1244 2389 sorte
1259 2322 1308 2390 illa
1324 2373 1334 2405 ,
1359 2316 1527 2417 qumilibet
1541 2316 1668 2410 exigua,
1691 2317 1769 2413 typis

455 2415 534 2482 meis
546 2411 674 2484 describi
687 2411 846 2484 curassem:
872 2410 965 2511 idque
978 2417 1013 2483 in
1028 2412 1196 2485 vestrorum
1208 2418 1311 2512 potius
1325 2441 1418 2514 quam
1431 2410 1604 2483 nostrorum
1617 2413 1767 2506 grem,

457 2534 536 2605 quos
552 2532 709 2607 tantopere
725 2512 774 2580 illa
787 2507 951 2580 desiderare
961 2510 1064 2581 audio.
1112 2513 1233 2582 Paciam
1244 2511 1385 2584 autemid
1397 2507 1494 2606 ipsinn
1504 2508 1673 2578 etiamnum
1689 2504 1771 2579 sini·

447 2602 499 2673 'hil
514 2605 593 2676 aliud
609 2606 747 2678 missurus
763 2632 809 2690 es,
832 2626 869 2675 ιιι
883 2608 933 2676 illa
941 2603 1046 2679 saltem
1061 2610 1100 2677 ita
1114 2610 1279 2704 prodeant,
1291 2606 1294 2613 ⁴
1304 2627 1576 2707 quantumcunque
1585 2604 1707 2673 mallem
1714 2603 1769 2674 ali-
1797 2633 1804 2641 ·

456 2702 533 2797 quid
545 2706 672 2801 amplius
688 2702 828 2774 accedere
839 2702 888 2772 vel
898 2701 989 2800 ipsius
1003 2703 1105 2791 ¹lovii,
1129 2709 1176 2776 vel
1191 2702 1395 2804 cujuscunque
1410 2701 1533 2775 tandem
1541 2697 1651 2770 eruditi
1664 2696 1768 2772 borni·

442 2802 520 2884 nis,
545 2828 610 2898 quo
626 2802 705 2872 libio
722 2803 814 2870 etiam
832 2825 869 2869 eir
884 2795 984 2870 forma
1000 2798 1062 2899 ipsa
1080 2800 1235 2898 dignitatis
1249 2803 1364 2901 aliquid
1383 2799 1547 2871 accederet.
1596 2796 1694 2884 Quod
1707 2822 1765 2893 po

440 2893 567 2968 ¹llremo
581 2899 620 2968 de
633 2896 777 2968 historico
798 2919 891 2991 opere
911 2894 989 2966 mihi
1003 2926 1021 2967 a
1035 2898 1162 2969 Medico
1179 2899 1315 2997 quodum
1331 2893 1554 2969 Mediolanensi
1574 2892 1765 2989 impetrando

451 2988 576 3078 scribis,
599 2993 727 3063 libenter
738 2990 806 3063 sane
817 2993 878 3090 legi
893 3020 902 3060 τ
933 3016 969 3062 ut
988 2996 1091 3092 quiin
1105 2996 1190 3066 nullo
1204 2993 1268 3066 sere
1282 2999 1343 3067 alio
1358 2994 1459 3090 scripti
1469 3017 1581 3090 genere
1592 2996 1625 3059 δι
1641 2988 1762 3060 nostros

452 3084 595 3159 homines
610 3087 715 3157 versari
727 3087 897 3173 libentius,
919 3114 952 3159 re
969 3088 1031 3186 ipsa
1056 3097 1117 3180 jam
1127 3089 1271 3162 labienus
1284 3089 1357 3188 saepe
1372 3087 1638 3187 deprehenderim,
1662 3093 1696 3157 dc
1708 3113 1760 3158 me

452 3180 550 3277 ipsum
562 3184 673 3254 eodem
687 3187 854 3281 plurimum
865 3184 1009 3256 oblectari
1024 3184 1114 3257 facile
1127 3185 1297 3284 agnoscam.
1344 3195 1465 3261 Verum
1478 3208 1512 3254 ut
1525 3181 1762 3254 libentissimein

445 3303 489 3346 eo
504 3279 681 3351 excudendo
694 3307 819 3377 operam
837 3307 937 3351 meam
953 3281 1140 3378 pollicebor,
1164 3288 1206 3355 ita
1218 3309 1304 3356 antea
1321 3283 1424 3355 saltem
1438 3279 1661 3378 inspiciendum
1674 3282 1761 3351 illum

451 3371 529 3442 mihi
544 3377 625 3445 mitti
643 3402 735 3472 percu
775 3402 856 3460 reni,
881 3403 947 3473 quo
959 3382 1054 3449 tutius
1065 3401 1157 3478 atque
1170 3377 1305 3467 facilius,
1329 3409 1369 3452 co
1384 3381 1516 3476 penitius
1523 3379 1670 3474 cognito,
1685 3376 1762 3476 quid

448 3467 533 3540 fatto
550 3469 622 3540 esset
635 3499 712 3569 opus
747 3500 764 3541 e
780 3474 833 3543 illo
848 3470 975 3544 statuere
1011 3475 1115 3546 ollem.
1138 3538 1140 3542 .
1164 3479 1299 3550 Accedit
1312 3482 1423 3561 etiam,
1447 3474 1533 3571 quod
1548 3471 1626 3543 niliil
1641 3472 1691 3543 hic
1708 3501 1764 3545 ex-

446 3568 560 3639 cudere
577 3572 649 3639 licet
667 3623 676 3656 ,
709 3569 765 3640 nili
779 3572 861 3665 prius
888 3596 906 3638 a
927 3501 1102 3642 censoribus
1122 3573 1236 3646 adhoc
1253 3573 1352 3672 ipsum
1370 3571 1525 3646 destinatis
1538 3577 1571 3640 δι
1591 3569 1760 3665 inspedium

448 3669 482 3732 δι
505 3665 714 3761 approbatum.
764 3672 844 3757 Qui
857 3666 985 3762 quidem
997 3667 1177 3741 constinitio
1197 3692 1231 3740 ut
1245 3698 1325 3741 nova
1336 3670 1418 3766 apud
1432 3693 1515 3753 nos,
1547 3669 1589 3736 ita
1602 3664 1664 3734 hoc
1683 3691 1761 3763 prac-

445 3756 548 3828 serzim
572 3783 711 3857 tempore
746 3762 910 3842 necessaria
926 3762 1113 3860 magistratui
1137 3768 1244 3837 nollro
1262 3763 1324 3838 visa
1344 3766 1411 3850 cst,
1444 3765 1576 3835 maxime
1606 3759 1696 3834 rebus
1719 3765 1760 3832 ita

447 3880 531 3923 nunc
544 3856 721 3927 mirabiliter
734 3856 843 3952 passim
855 3856 884 3928 se
903 3857 1094 3932 habentibus.
1143 3869 1250 3960 ltaque
1264 3890 1329 3934 rem
1337 3861 1414 3937 milii
1423 3856 1620 3956 gratissimam
1631 3858 1758 3944 feceris,

445 3953 493 4019 ini
511 3952 555 4016 D.
571 3953 734 4040 Cicerine,
759 3951 848 4047 siper
862 3955 1053 4036 occasionem
1066 3960 1106 4028 ita
1118 3960 1205 4029 illum
1217 3959 1331 4030 librum
1348 3987 1365 4029 a
1386 3958 1514 4029 Medico
1529 3956 1587 4027 isto
1605 3960 1611 3974 '
1668 3979 1760 4042 erres,

445 4068 482 4114 ut
497 4045 532 4114 ad
547 4070 652 4141 paucis
666 4048 730 4118 dies
745 4045 965 4144 inspectionem
980 4056 1057 4123 illius
1071 4053 1150 4124 milii
1171 4060 1348 4152 permittat,
1380 4080 1446 4155 quo
1465 4057 1574 4124 certius
1586 4053 1624 4124 de
1652 4073 1760 4148 umptu

446 4145 480 4211 in
497 4141 587 4239 ipsius
599 4143 794 4238 impressione
810 4142 953 4217 faciendo
960 4148 1123 4220 deliberare
1131 4172 1222 4247 atque
1236 4151 1421 4223 constituere
1432 4149 1546 4250 aliquid
1552 4148 1676 4247 possim.
1703 4146 1763 4218 Sed

444 4237 624 4333 praeterliaec
635 4239 831 4310 vehementer
844 4264 875 4311 te
890 4246 1002 4313 orarim
1018 4298 1028 4328 ,
1054 4267 1088 4313 ιιι
1110 4271 1127 4314 a
1140 4249 1186 4316 D.
1203 4249 1376 4346 Majoragio
1398 4246 1478 4319 mibi
1493 4273 1620 4332 exores,
1650 4244 1764 4342 siquid

444 4332 526 4405 sorte
537 4339 773 4406 annotationum
781 4333 890 4406 habeat
897 4338 1203 4413 autobservationum
1220 4347 1251 4413 in
1265 4346 1429 4416 Ciceronis
1440 4347 1610 4427 orationes,
1627 4365 1678 4413 aut
1688 4339 1763 4413 Pbi·

443 4428 615 4528 losophicos
626 4428 758 4523 ejusdem
765 4431 875 4521 libros,
898 4458 1023 4508 mecum
1036 4436 1764 4602 utcontmunicareadproximainestatemveslit:

418 4547 423 4568 ¹
1716 4560 1771 4605 uni
