4067 5425
451 342 525 434 296
658 328 944 402 Caunis.
993 340 1067 392 iii·
1112 312 1557 389 moritolii(

449 452 687 550 dmnarpmin
705 448 818 542 ejusad
830 473 881 519 me
894 441 1028 543 epistolae
1042 437 1203 538 cognosce.
1252 440 1341 511 Vale.
1365 433 1533 511 Rostochii
1552 432 1774 533 31.Jannuarii

452 579 522 631 cir>
536 526 723 630 incurii.
745 548 861 625 ,Salutat
873 565 904 613 te
919 538 1028 638 nospes
1045 562 1135 610 meus
1149 540 1217 609 Dn.
1234 532 1445 608 Husvedelins.
1469 529 1548 631 julli
1559 530 1774 607 resculasmeas

449 649 637 749 Hamburgo
652 644 691 717 ad
701 667 734 715 te
747 638 874 713 deferri:
898 640 990 711 velini
1002 636 1126 733 proillis
1137 631 1232 706 solvas
1243 635 1373 731 aurigae,
1391 628 1591 730 protinusque
1602 625 1664 698 huc
1677 652 1770 701 curce

449 746 633 818 Gratissima
660 744 766 813 animo
786 762 881 836 quain
911 735 1068 805 celerrime
1087 732 1217 803 vectura
1245 735 1379 826 pretium
1405 730 1567 799 remittam.
1609 722 1673 796 Ibis
1686 726 1777 797 Giu-¹

404 830 406 835 ¹
452 840 630 929 terinostri,
643 840 877 929 juniorPareus,
890 830 1228 926 jamcorrettoremagit
1239 822 1490 924 intypographeo
1496 819 1689 894 Hanoviensi
1695 821 1774 919 apud

451 939 598 1010 Aubrios.
633 937 771 1005 Carmen
792 954 899 1002 meum
910 927 999 998 brevi
1012 952 1085 999 cum
1100 930 1173 998 Deo
1192 923 1344 1020 accipian
1374 930 1436 1016 jam
1449 926 1483 990 δι
1495 940 1648 1016 occupato
1659 923 1693 989 ἃ
1708 943 1774 990 non

452 1031 600 1109 defecato
610 1057 694 1102 cram
704 1029 820 1101 animo.
1618 1030 1622 1037 ’

736 1145 1118 1221 EPISTOLA
1164 1145 1481 1217 CCXXXIII.
1614 1192 1618 1207 r

492 1265 1729 1400 Jauusoiuflinnuian

930 1422 1057 1521 Joanni
1081 1420 1301 1494 Kirchntaenno.

497 1527 635 1585 Labicum.
1562 1561 1564 1565 ,
1747 1552 1749 1558 .

568 1603 758 1683 Aletecum‚
783 1595 1075 1670 VirCl.amicitiam
1089 1595 1240 1692 coeptavi,
1263 1592 1287 1664 si
1303 1589 1563 1665 camsilendotam
1576 1593 1640 1664 citio
1651 1592 1774 1665 abnim·

566 1722 637 1795 pere
649 1697 779 1795 cogitaa3
806 1714 914 1789 utpote
929 1693 981 1760 cui
1000 1717 1067 1762 non
1088 1694 1233 1790 ignotum
1248 1688 1302 1775 sit,
1333 1691 1458 1761 tacitam
1473 1689 1672 1761 concordiam
1686 1689 1777 1762 instar

456 1795 603 1867 odiorum
617 1791 684 1864 else.
733 1785 804 1885 Ipse
816 1786 964 1900 equidem
976 1782 1076 1884 scripsi
1090 1808 1183 1884 atque
1196 1788 1231 1857 in
1243 1787 1337 1856 literis
1352 1783 1460 1855 nostris
1471 1784 1774 1882 opem&.c0nfifium

330 1961 335 1969 „
456 1914 546 1962 tuum
558 1887 658 1988 (quod
671 1906 875 1982 utrumquem
890 1882 951 1953 hoc
958 1885 1230 1996 septentrionem
1240 1878 1361 1971 deserit)
1375 1879 1692 1980 fidentiutimploravi.
1741 1885 1775 1953 Si

457 1990 671 2084 importunitas
686 2006 756 2052 mea
771 1981 881 2051 mereri
896 1978 1124 2077 castigationem
1135 1978 1295 2051 videbatur
1312 2008 1321 2050 r
1353 1998 1486 2049 attamen
1499 1976 1557 2049 liac
1572 1998 1673 2050 atroce

459 2085 490 2156 d·
536 2076 700 2166 anonest,
723 2099 759 2147 ut
768 2078 858 2147 omni
872 2072 976 2147 favore
986 2098 1061 2163 tuo,
1085 2079 1209 2167 reintet
1220 2073 1285 2146 hac
1297 2096 1436 2172 tempora
1450 2072 1528 2145 milii
1542 2003 1783 2170 preciouiffi

458 2203 476 2249 c
514 2204 613 2261 erem3
636 2170 876 2273 prasertimcum
889 2170 1044 2244 necessitas
1057 2176 1190 2244 multum
1201 2170 1401 2244 excusationis
1414 2169 1494 2276 apud
1507 2169 1687 2268 aequissimas
1695 2196 1780 2244 aures

311 2302 314 2305 ·
460 2273 612 2346 tuasmilii
620 2271 818 2341 commodare
867 2268 975 2340 ruisset
1025 2271 1153 2367 Qrippe
1165 2265 1338 2341 fennillus
1353 2264 1581 2378 inhilceplagis
1595 2266 1696 2364 degit,
1720 2270 1777 2368 qui

460 2370 652 2467 elegantioris
666 2363 798 2437 scientia
825 2368 969 2462 criptores
983 2389 1085 2455 curet,
1108 2386 1160 2437 aut
1165 2366 1246 2462 legat
1250 2391 1261 2449 3
1286 2363 1385 2435 multo
1401 2386 1503 2435 minus
1514 2364 1549 2432 in
1562 2363 1629 2433 illos
1637 2362 1780 2460 expensas

459 2464 567 2538 faciat:
591 2487 643 2535 aut
664 2465 757 2535 etiam
775 2461 906 2532 tantast
923 2461 1111 2533 humanitate
1125 2484 1251 2560 tamque
1270 2461 1410 2557 benigim
1425 2460 1538 2558 genio,
1560 2479 1597 2529 ut
1609 2484 1682 2555 pere
1722 2463 1730 2477 ’
1756 2464 1765 2480 ⁰

461 2563 549 2654 hujus
558 2562 607 2633 vel
615 2557 773 2631 illiuslibri
788 2560 911 2655 copiam
923 2584 957 2631 ac
968 2556 1199 2656 gratiamfacere
1211 2558 1295 2629 velit
1343 2555 1560 2642 Idcircoadte,
1584 2557 1654 2626 miti
1678 2580 1780 2631 imum

360 2710 367 2719 .
462 2681 569 2757 caput,
594 2680 697 2756 preces
709 2654 920 2744 tetenderam,
942 2682 983 2728 nc
996 2651 1148 2754 profunda
1162 2656 1325 2728 meliorum
1336 2655 1489 2726 literartun
1507 2650 1627 2726 oblivio
1642 2655 1781 2727 uriminn

463 2757 668 2857 demergeret,
693 2752 1122 2850 taterommquedainnomm
1140 2753 1320 2853 agrimonia
1329 2747 1465 2824 saucium
1480 2752 1602 2848 gravius
1615 2748 1781 2824 affiioaiee
1861 2791 1866 2802 ·

462 2855 560 2924 Nunc
572 2876 603 2923 te
614 2850 653 2922 de
669 2855 784 2919 Seneca
797 2848 951 2944 Tragaedo
966 2851 1096 2919 Scriveri
1111 2848 1236 2920 absolvo
1257 2848 1448 2937 (Martialem
1462 2842 1593 2937 e'prsdem
1606 2873 1662 2944 per
1675 2874 1782 2921 manus

463 2954 510 3022 H.
519 2947 667 3019 Frobenii
680 2943 796 3016 dudinn
810 2968 860 3014 rec
900 2942 1036 3015 inicum
1050 2971 1084 3015 m
1147 2948 1154 2963 “
1178 2947 1254 3015 meis
1265 2946 1382 3042 grania)
1422 2966 1496 3015 uem
1507 2940 1652 3016 industria
1662 2947 1784 3017 Haller·

464 3043 548 3116 sordi
565 3041 661 3114 nostri
675 3067 713 3111 ex
728 2969 900 3136 Lipsiensib
1362 2970 1568 3112 usiconfido.
1610 3040 1783 3136 xDeobser-

465 3135 639 3210 nationibus
647 3138 776 3208 Piccani
790 3143 823 3207 bi
839 3132 932 3206 Schio
954 3139 999 3233 pii
1013 3139 1048 3207 in
1062 3137 1248 3208 Cornelium
1256 3138 1431 3234 Nepotein,
1455 3134 1495 3207 ab
1508 3161 1575 3207 uno
1590 3133 1784 3210 scbolalli'co-

463 3261 535 3307 rum
549 3257 676 3305 tuorum
689 3229 904 3318 exscribendis,
928 3161 1033 3305 senno
1048 3237 1231 3305 memoriam
1244 3254 1329 3304 tuam
1341 3232 1486 3320 verbero,
1510 3258 1551 3302 ne
1562 3232 1712 3332 propositi
1718 3239 1783 3307 mei

464 3334 599 3429 impetro
613 3332 711 3400 nimia
718 3354 803 3399 mora
815 3327 971 3425 torpescat.
1019 3329 1184 3426 Rutgersio
1198 3325 1402 3402 animadversa
1417 3326 1479 3427 ipse
1494 3352 1633 3425 excerpo.
1681 3333 1784 3402 Cate-

463 3453 534 3499 ruin
542 3426 701 3500 crebrama
723 3425 765 3495 ud
780 3445 809 3494 te
822 3422 1083 3497 mentionemfeci
1096 3428 1394 3498 meariuninAEliani
1416 3434 1711 3505 noinaivnotarum:
1735 3453 1784 3498 ear

466 3522 669 3597 Francofurto
688 3452 775 3594 linas
788 3523 881 3591 tetta
899 3520 1028 3593 redditas
1045 3543 1165 3610 tenoo,
1197 3522 1298 3595 donec
1315 3525 1442 3595 elimaro
1464 3525 1635 3595 renuentia
1685 3523 1785 3620 Qod

899 3065 933 3109 us
949 3040 1097 3112 nundinis
1169 3043 1282 3112 iturum
1295 3068 1348 3113 me

465 3617 730 3720 sierinonpotest,
753 3616 811 3689 nisi
824 3607 1692 3787 ebbonememTtffuwdimdemmvm.
1716 3624 1786 3693 Ha·

1209 3737 1283 3813 igari

468 3718 576 3788 &enus
588 3743 646 3789 nec
661 3740 750 3813 prece
763 3739 865 3812 neque
879 3718 977 3808 pretio
993 3739 1011 3783 a
1025 3741 1076 3785 ine
1090 3740 1165 3812 perv
1338 3719 1406 3787 tuit.
1456 3717 1609 3814 Denique
1620 3718 1783 3790 omniame

467 3811 639 3884 studiorum
646 3813 858 3902 adjumentain
870 3806 1128 3883 hachumanitatis
1141 3811 1275 3884 vastitate
1295 3815 1422 3910 ugiunt,
1446 3809 1784 3912 utserionisutorisque

468 3908 723 4004 cogitationibus,
746 3904 839 3977 fixam
852 3903 953 3976 sedern
969 3932 1160 4007 muriamque
1173 3913 1341 3981 Patronum
1357 3908 1503 4008 speculari
1517 3905 1595 3979 mihi
1610 3911 1785 3996 incumbat,

379 4013 383 4018 '
470 4008 527 4099 qui
543 4030 594 4074 me
608 3993 645 4074 al
658 4001 800 4099 pristinos
811 3997 895 4072 ausus
909 4001 1046 4092 uberate
1059 4029 1195 4102 congrua
1211 4007 1329 4077 animet
1340 4029 1375 4077 ac
1390 4002 1542 4078 sulleritet.
1580 4010 1698 4078 Interea
1710 4006 1785 4077 dum

467 4098 539 4170 heic
556 4102 668 4194 inopiae
695 4097 877 4194 expellenda
900 4094 1024 4169 sacnltas
1052 4102 1287 4198 interponitur,
1318 4100 1393 4173 alibi
1414 4100 1619 4176 commodum
1641 4102 1788 4174 arbitran-

469 4195 545 4269 dum
551 4194 832 4267 etitdivertinilum.
883 4200 957 4287 Qa
970 4195 1004 4264 in
1019 4220 1052 4264 re
1060 4195 1179 4269 viderie
1193 4194 1273 4267 milii
1286 4194 1379 4283 desii,
1402 4195 1630 4270 utbeneficium
1644 4197 1787 4284 debeam,

469 4290 618 4389 aptissime
632 4295 719 4362 enim
727 4288 1245 4391 meidelidcriiadClRutgersiurn
1261 4295 1422 4366 mentione
1430 4290 1556 4381 inserti,
1568 4293 1790 4393 ingentiamilii

471 4387 637 4464 commoda
648 4385 712 4461 linc
727 4383 883 4483 expensa,
909 4385 974 4459 srnc
987 4386 1175 4464 detrimento
1190 4413 1293 4464 renim
1305 4410 1427 4467 tuarum
1445 4389 1613 4467 concitabit
1625 4420 1634 4463 ε
1659 4391 1745 4559 qupd
1756 4398 1789 4464 δι

1667 4513 1701 4586 ip
1712 4509 1796 4560 emet
