4067 5425
451 388 518 464 172
732 358 1503 442 CuratisarDocrrss.

445 496 546 589 opus)
566 476 736 575 haberem,
750 486 880 558 libenter
890 485 1160 557 communicarem.
1207 488 1292 557 Nam
1306 485 1344 559 ad
1361 511 1432 570 eos,
1448 485 1697 584 quosegobabeo
1709 488 1753 560 al-

445 591 538 659 terius
552 584 705 676 cujusdam
717 580 951 655 francofordini
964 584 1056 652 amici
1070 589 1132 653 mei
1147 581 1339 669 matricibus,
1363 603 1476 653 mutuo
1491 582 1570 654 mihi
1581 583 1619 654 ab
1633 588 1687 658 illo
1699 586 1754 658 da-

448 688 502 772 tis,
517 681 583 754 sum
605 679 696 765 usus,
718 680 805 777 quod
818 680 988 750 nostrarum
1001 680 1117 750 civium
1129 682 1228 750 nullus
1240 681 1333 765 esset,
1357 684 1459 777 quiea
1472 705 1505 750 re
1518 678 1678 777 gratificari
1694 709 1754 755 no-

452 779 500 851 bis
513 782 623 850 vellet:
644 798 679 846 ut
694 772 776 847 nosli
788 773 903 873 semper
917 779 1062 875 Figulum
1075 777 1215 847 invidere
1218 777 1329 887 figulo.
1367 774 1504 873 Itaquesr
1517 780 1584 848 illos
1596 799 1754 877 tantopere

450 875 629 961 desiderare,
654 879 687 942 δι
697 898 816 943 moram
828 872 906 942 hanc
915 928 925 957 ,
934 898 995 969 qua
1008 873 1097 941 novis
1110 872 1284 943 matricibus
1297 871 1506 969 comparandis
1514 870 1584 943 ello
1646 901 1754 974 ,aequo

390 980 393 991 '
447 972 525 1044 serre
537 974 643 1043 animo
655 968 739 1066 posse
753 988 856 1065 putas,
878 967 1077 1064 libenterego
1089 972 1236 1065 proximis
1248 969 1393 1039 nundinis
1408 899 1657 1041 rencoforffis
1669 996 1756 1043 cura-

450 1068 512 1152 bo,
536 1090 571 1138 ut
583 1071 716 1164 proprias
729 1064 932 1135 chnaeterum
945 1065 1068 1134 illorum
1085 1068 1222 1136 matrices
1234 1063 1406 1153 nanciscar,
1436 1071 1469 1133 δι
1482 1060 1612 1139 reversio
1625 1065 1754 1141 domum

450 1162 600 1250 efficiam,
623 1164 669 1232 uti
684 1160 868 1249 fimdantur,
890 1182 1007 1259 quanto
1017 1162 1063 1231 illi
1078 1187 1210 1233 numero
1222 1164 1388 1249 voluerint,
1412 1157 1540 1245 horest,
1586 1188 1754 1236 rounaaut

454 1260 571 1334 deabus
583 1257 710 1345 formis,
734 1255 876 1357 pluribus·
883 1253 1112 1356 paucioribusve
1125 1279 1194 1328 utut
1207 1261 1264 1328 illis
1279 1255 1375 1328 visum
1388 1255 1486 1328 fuerit
1519 1188 1585 1328 Sel
1590 1259 1756 1356 expefflbo

454 1361 539 1456 prius
553 1379 637 1428 tuam
651 1353 691 1426 de
701 1375 766 1425 tota
778 1352 834 1424 hac
850 1380 883 1425 re
897 1353 1093 1443 sententiam,
1117 1362 1201 1444 cujus
1213 1382 1263 1426 me
1281 1353 1376 1425 adbuc
1387 1353 1581 1425 breviusculis
1591 1358 1757 1426 etiarnlite-

453 1458 495 1526 ris
507 1457 668 1524 certiorem
683 1473 751 1522 ante
762 1453 933 1548 proximam
948 1448 1206 1546 quadragefimam
1219 1450 1341 1522 reddere
1356 1454 1477 1548 poteris
1515 1455 1569 1522 De
1582 1476 1682 1521 rerum
1690 1474 1758 1522 tua·
1869 1518 1872 1531 ,

456 1575 526 1621 rtrrrr
541 1549 718 1621 conditione
749 1547 813 1617 uod
826 1545 918 1616 nobis
931 1551 1024 1615 etiam
1038 1544 1163 1616 seribere
1170 1547 1311 1643 dignatus
1323 1573 1368 1633 es,
1392 1546 1605 1642 libenterlegi,
1619 1556 1651 1618 δι
1660 1574 1757 1661 agno-

453 1647 505 1718 sto
518 1650 551 1717 in
564 1645 624 1717 hoc
640 1642 706 1743 ipso
721 1574 901 1809 supplerem
915 1666 987 1738 erga
999 1667 1051 1711 me
1066 1639 1285 1714 observantiam
1292 1666 1382 1741 arque
1390 1642 1759 1716 benevolentiuncnruti-

457 1768 626 1841 nampares
640 1744 678 1812 ali
701 1765 760 1810 uan
815 1735 927 1808 referre
934 1736 1158 1834 gratesposfim.
1207 1738 1321 1810 Habeo
1333 1736 1461 1830 jamsub
1474 1742 1641 1837 pralorora
1655 1740 1759 1816 Bibra

455 1767 865 1919 asebntranosartafione,
889 1859 956 1903 non
967 1858 1074 1930 parum
1087 1860 1180 1931 quam
1188 1838 1416 1906 antealatinius
1426 1858 1517 1935 atque
1529 1838 1695 1934 elegantius
1706 1865 1761 1910 ex·
1819 1904 1826 1917 ,

456 1934 565 2034 pressa,
587 1934 708 2024 adjeslis
723 1927 854 2019 ejusdem
874 1928 1131 2003 annotationibus.
1180 1938 1259 2002 Item
1278 1930 1478 2035 Christrphorr'
1500 1938 1602 2006 Milei
1616 1940 1767 2033 universs‹

453 2041 529 2104 tatis
540 2057 639 2103 rerum
654 2027 806 2124 historiam
820 2027 960 2124 quinque
971 2026 1055 2096 libris
1066 2025 1149 2097 abeo
1160 2025 1415 2124 comprehensam.
1442 2030 1769 2129 Praet‘erquehaecduo,

456 2131 513 2199 alia
550 2126 666 2198 uaedam
678 2125 801 2193 levioris
813 2147 931 2218 operae,
955 2147 1089 2221 quorum
1100 2123 1238 2221 quadam
1255 2130 1315 2213 jam
1326 2122 1481 2214 absoluta,
1506 2126 1543 2197 ad
1555 2124 1762 2215 tehucmirto,

454 2155 594 2322 quaestio
604 2218 703 2292 adhue
716 2214 897 2289 absolvenda
903 2215 1008 2315 spero,
1033 2216 1142 2289 utsunt
1149 2219 1255 2319 Joach.
1264 2230 1433 2293 camerarii
1445 2232 1674 2297 commentarius
1680 2231 1762 2294 Gra-

370 2358 377 2377 κ
453 2348 507 2391 cus
521 2330 554 2391 in
567 2314 798 2415 mquidem,-
814 2313 930 2385 Threm
944 2320 1107 2385 Hieremia
1121 2318 1215 2388 latino
1230 2322 1362 2389 carmine
1376 2316 1500 2415 expressi
1514 2316 1552 2389 ab
1569 2317 1763 2406 Abraham,

457 2415 621 2511 Laeschero,
645 2420 728 2501 cujus
739 2437 832 2507 opera
846 2409 1027 2491 conversum
1041 2438 1139 2509 nuper
1153 2416 1334 2508 Pausanias»
1348 2439 1473 2511 quoque
1484 2413 1643 2486 edidimus.
1682 2423 1762 2487 Item

455 2510 589 2601 ejusdem
597 2507 710 2607 Joaclr.
721 2510 1178 2674 Camerariigpppymnasmarae,
1196 2509 1257 2594 sire
1263 2513 1423 2581 Elementa
1433 2510 1587 2581 rhetoncae
1601 2516 1764 2583 exercitio·

456 2609 521 2692 nis,
543 2605 635 2679 abeo
645 2608 824 2703 recognita,
848 2612 890 2673 Co
964 2614 1012 2676 ias
1025 2608 1142 2702 aliquot
1148 2609 1262 2701 fherar.
1310 2614 1380 2678 Viri
1393 2605 1595 2683 Amerbarhir
1612 2610 1702 2707 inoffi
1710 2618 1764 2680 Ci-

458 2712 575 2776 ceronir
582 2704 883 2778 commentariolum:
908 2708 941 2771 δι
952 2697 1060 2773 nescio
1075 2728 1142 2811 quae
1151 2707 1215 2775 alia.
1239 2706 1337 2774 Mitto
1352 2703 1426 2775 adre
1440 2701 1692 2776 unacumlibellis
1707 2705 1766 2776 tibi

456 2804 579 2873 muneri
592 2800 743 2872 destinatis
755 2800 848 2868 etiam
865 2793 1042 2869 fasciculum
1056 2800 1148 2869 alium
1164 2804 1210 2871 D.
1230 2803 1313 2871 Lilio
1328 2801 1467 2897 Gyraldo
1483 2802 1642 2899 Gregorio
1662 2798 1766 2874 inseri-

319 2903 332 2932 ·
554 2917 845 2996 ,quemunacum
858 2894 942 2962 libris
956 2892 1103 2984 adjunstis
1120 2897 1221 2967 eidem
1234 2899 1397 2967 Ferrariam
1409 2897 1609 2968 transmittiut
1618 2898 1765 2969 cu'resve·

498 3016 615 3065 menter
625 3013 679 3075 te,
703 2992 748 3059 mi
762 2991 907 3058 Cicerine
923 3041 933 3074 ,
956 3014 1014 3059 oro
1029 3011 1120 3087 atque
1135 2991 1281 3063 obtestor.
1366 2989 1444 3064 uaeso
1457 2991 1507 3064 fac
1520 3020 1571 3065 me
1586 2997 1765 3088 certiorem,

458 3114 536 3160 num
548 3085 704 3160 fasciculus
717 3086 769 3154 ille
785 3083 1001 3180 aderaldum
1014 3085 1116 3157 missus
1129 3086 1237 3174 suerit,
1263 3115 1296 3160 ac
1310 3115 1367 3186 pro
1390 3111 1536 3161 conatus
1550 3088 1594 3160 fit
1625 3097 1663 3162 In
1678 3089 1772 3160 libel-'

457 3186 496 3258 lis
510 3210 603 3268 vero,
618 3207 699 3280 quos
713 3180 750 3252 ad
763 3202 794 3249 te
808 3182 918 3265 mitt0,
933 3179 955 3250 fi
968 3180 1045 3278 quid
1059 3181 1103 3262 dt
1116 3186 1202 3281 quod
1215 3207 1334 3282 gratum
1350 3184 1407 3255 esse
1419 3189 1465 3255 D.
1480 3188 1651 3283 Majoragio
1660 3185 1766 3258 nostro

459 3278 569 3378 possit,
593 3277 626 3349 id
639 3300 742 3349 tecum
752 3278 797 3346 illi
810 3274 868 3346 esse
882 3301 1050 3348 commune
1057 3282 1132 3350 velis
1137 3281 1335 3353 vehementer
1348 3285 1475 3353 etiamte
1489 3306 1581 3381 atque
1594 3287 1766 3378 cpiamoro3

455 3378 507 3460 eui
520 3401 593 3451 meo
607 3377 736 3446 nomine
749 3374 910 3468 plurimam
926 3370 1052 3446 salutem
1065 3375 1164 3468 dices,
1174 3419 1178 3426 ·
1189 3383 1223 3448 δι
1233 3404 1288 3476 per
1299 3377 1493 3449 occasionem
1504 3405 1598 3477 quam
1610 3376 1768 3449 officiosis·

458 3471 533 3546 snne
553 3468 794 3544 commendabis.
841 3471 926 3539 Bene
942 3471 1007 3539 vale
1024 3478 1059 3541 ὃ(
1085 3470 1210 3572 ignosce
1229 3477 1428 3545 tumultuarie
1447 3472 1630 3574 scriptioni,
1663 3500 1765 3580 neque

458 3574 545 3640 euim
559 3595 612 3667 per
624 3565 673 3640 sex
684 3567 792 3663 prela,
816 3562 930 3660 quibus
941 3585 1010 3635 toto
1023 3574 1084 3656 jam
1098 3573 1233 3640 triennio
1244 3574 1397 3668 perpetuis
1403 3596 1558 3657 exerceor,
1581 3572 1767 3642 licetvellae·

462 3670 548 3761 pius,
573 3668 621 3737 vel
633 3664 758 3749 melius,
781 3663 830 3732 vel
841 3662 987 3757 prolixius
1000 3660 1138 3735 scribere.
1163 3675 1278 3738 Iterum
1293 3689 1383 3765 atque
1397 3670 1507 3737 iterum
1517 3669 1583 3737 vale
1595 3670 1766 3764 oprimeat-

459 3787 522 3858 que
529 3760 703 3831 dofflffime
714 3759 877 3839 mettim,
891 3764 925 3827 &
937 3782 1012 3844 110⁸,
1036 3763 1122 3857 quod
1131 3758 1223 3851 facis,
1246 3789 1346 3834 arnae
1358 3785 1581 3861 atqueomare,
1592 3761 1765 3862 urwplli,

459 3881 561 3954 perge.
585 3853 1137 3952 BasileaePrid.Kal.Februarii155r.

754 3950 1138 4024 EPISTOLA
1185 3958 1481 4026 LXXXIV.

459 4053 1032 4284 nnnncrseoJ
1077 4060 1546 4260 prucnurno
1629 3987 1766 4157 sn.

463 4309 467 4315 ·
564 4277 692 4345 solanum,

461 4279 639 4524 Ksleepi
650 4355 697 4425 D.
721 4356 883 4457 Majoragii
903 4361 936 4429 in
953 4362 1116 4432 Ciceronis
1136 4359 1302 4431 Oratorem
1318 4367 1351 4432 δι
1367 4365 1542 4461 partitiones
1554 4365 1771 4437 commentaria

538 4447 607 4524 sane
620 4451 811 4545 doslillrma,
842 4481 962 4557 proque
975 4459 1013 4531 iis
1027 4455 1064 4528 ad
1085 4482 1136 4531 me
1155 4453 1249 4530 missis
1269 4483 1329 4557 ago
1352 4463 1477 4561 utrique
1497 4464 1638 4561 ingentes
1653 4464 1770 4632 grppiias

484 4591 487 4598 ,
1403 4621 1414 4648 .
1557 4605 1560 4612 Ι
1726 4576 1772 4629 tto
