4067 5425
442 325 509 381 120
676 302 965 380 Curare.
1011 321 1086 373 rr
1132 293 1547 389 Dfocr1aar'u.
1714 364 1719 371 .

437 424 602 497 numnius
616 422 804 522 Maiotagiur
816 420 1019 504 illecelebris,
1044 416 1162 489 occasio
1174 446 1243 491 non
1253 419 1448 508 admittebat,
1473 449 1546 493 mm
1559 422 1675 498 dudum
1688 428 1765 502 hnic

437 520 724 594 onerivzledixene
768 517 947 618 Requismrs
958 512 1509 603 Franciscuscicereiusdootiffimm‚
1523 524 1765 619 arqueindomo

444 619 627 715 Majoragfi,
652 613 676 687 st
689 642 757 687 non
771 615 933 704 educam,
955 611 1059 684 saltem
1073 610 1169 683 sachis
1182 612 1212 683 le
1227 611 1293 710 ipso
1305 615 1448 709 politior,
1472 636 1564 712 atque
1578 618 1610 691 id
1624 645 1689 690 non
1701 621 1765 694 sme

438 717 564 807 injuria,
590 710 712 801 fateor,
736 711 1179 811 quadamAntuniiMaioragii
1193 711 1423 806 patruelisejus,
1447 736 1544 807 quem
1556 716 1767 789 nosmboob

438 814 599 884 veritatem
621 804 811 907 suspicimus3
834 834 970 907 namque
991 831 1065 877 cum
1090 806 1144 875 illo
1172 806 1282 876 arelius
1304 826 1367 878 erat
1389 809 1529 877 amicitia
1553 813 1713 883 vinculum
1731 821 1767 885 δι

443 907 617 979 diumrnior
630 903 833 992 consuetudo,
858 907 946 976 illum
958 924 1062 974 tamen
1076 902 1200 973 Cicerei
1211 901 1580 998 causapraetermittimus,
1596 927 1664 978 tum
1678 910 1765 1006 'quod

441 1004 567 1103 longius
583 997 693 1073 abesset
706 1001 835 1087 ὼιιιιιι,
861 998 1023 1098 tmnquod
1034 996 1182 1069 videbaris
1195 996 1257 1068 hoc
1270 1024 1383 1069 munus
1394 999 1438 1070 ob
1450 1003 1616 1072 amicitiam
1629 1005 1765 1079 nostram

444 1095 692 1267 gggsraffefflre,
714 1095 1316 1191 nonsolumoblatumlibenterexciperr.
1338 1097 1429 1183 Eoo,
1453 1094 1765 1195 quineminemsoleo

500 1197 600 1292 ipere,
622 1220 697 1265 cum
710 1198 824 1293 inopia
835 1219 911 1267 mee
925 1193 1004 1265 belle
1019 1189 1158 1264 conscire
1171 1188 1280 1277 essem,
1302 1195 1368 1288 pac'
1443 1213 1563 1279 tecum,
1587 1199 1653 1266 imo
1667 1202 1766 1295 magis

444 1288 542 1364 offero
555 1343 566 1378 ,
595 1289 682 1389 quod
698 1288 798 1362 solum
811 1289 978 1364 commode
991 1286 1074 1386 polit
1085 1288 1155 1359 dare
1164 1284 1335 1386 sperabam,
1347 1292 1428 1359 aurei
1437 1291 1633 1387 quadrantem
1640 1290 1766 1391 surgulis

445 1386 618 1473 mmlibm,
633 1390 667 1458 in
681 1385 795 1488 singula
803 1392 909 1486 capita.
934 1391 991 1457 Tu
1005 1384 1116 1456 videris
1127 1384 1309 1481 perlibenrer
1323 1386 1538 1458 conditionem
1550 1393 1711 1484 recipere,
1718 1390 1766 1462 as-

444 1482 586 1570 sentiris,
609 1487 686 1582 quin
706 1488 773 1556 imo
785 1484 935 1557 videbam
947 1483 1087 1554 amicitia
1098 1475 1184 1551 causa
1199 1480 1351 1579 nequede
1362 1486 1491 1578 peccunia
1504 1508 1627 1571 curare,
1651 1491 1765 1584 quoin

447 1575 1088 1679 temporemihismrillirnusclsevisuset,
1111 1577 1765 1679 utquinunquarnabemditoviropecu-

446 1678 529 1763 nim,
544 1703 584 1749 uc
607 1703 645 1748 ue
657 1680 828 1778 exegerim,
842 1700 944 1773 neque
955 1676 1130 1770 receperim
1155 1671 1348 1772 Recepisane
1363 1672 1453 1745 abali
1475 1675 1587 1764 uibus,
1603 1682 1659 1774 qui
1671 1681 1766 1752 literis

449 1797 574 1870 operam
632 1797 702 1860 ent,
725 1771 821 1844 sedeo
834 1792 993 1870 tempore,
1008 1769 1221 1867 quonondum
1233 1767 1442 1842 clariminsac
1539 1826 1549 1857 ,
1575 1776 1767 1871 imonepro-

445 1870 615 1969 pcmodum
633 1874 701 1940 noti
713 1868 902 1941 haberentur.
950 1864 1050 1964 Quod
1062 1864 1290 1963 testariposs'unt
1300 1868 1410 1951 multi,
1434 1871 1765 1965 atqueintereocCoa,

450 1965 661 2065 Caymusque,
686 1989 720 2034 ac
739 1967 879 2037 Alciatus
897 1959 1139 2057 jurisconsulms,
1163 1984 1231 2033 tum
1251 1984 1321 2033 mus
1339 1966 1547 2062 Majoragius,
1571 1967 1638 2036 imo
1653 1966 1762 2040 noster.

449 2065 537 2135 Cum
557 2066 608 2133 uix
621 2060 774 2132 mensibus
791 2060 907 2133 duabus
924 2059 1032 2132 ludum
1045 2055 1091 2130 sre
1115 2079 1272 2130 uenmrent
1282 2061 1387 2156 pueri,
1410 2065 1555 2131 nuntium
1567 2066 1763 2159 repentinum

448 2160 563 2244 mittis,
588 2159 772 2242 cealterum,
783 2155 896 2229 scilicet
910 2156 1080 2228 Fabriciun
1092 2086 1151 2265 liii
1168 2158 1231 2226 mei
1242 2152 1377 2240 socium,
1391 2157 1489 2243 nolle,
1513 2156 1765 2233 nilidimidioau-

447 2257 492 2325 rei
512 2254 636 2341 docere,
659 2252 699 2325 de
713 2251 780 2325 filio
794 2255 970 2327 conditioni
981 2255 1159 2350 propolim,
1182 2250 1206 2322 s1
1220 2272 1411 2323 eammutare
1425 2253 1543 2340 nolim,
1567 2254 1763 2352 acquiescere.

448 2353 511 2421 Vir
521 2355 556 2421 in
569 2349 630 2421 hoc
642 2351 735 2423 nimis
745 2350 876 2447 prudens
889 2376 923 2421 ac
936 2346 1042 2448 sagax,
1066 2370 1101 2420 ut
1112 2352 1167 2446 qui
1181 2347 1269 2418 scires
1283 2401 1295 2435 ,
1319 2373 1414 2444 quam
1431 2348 1553 2446 pulchre
1566 2358 1763 2443 conveniret,

449 2467 486 2521 ut
499 2444 597 2518 filium
611 2446 648 2517 acl
661 2467 691 2517 te
704 2451 876 2536 mitterem,
900 2472 992 2534 eum,
1012 2447 1070 2543 qui
1083 2448 1113 2516 ei
1125 2440 1268 2517 custodia
1280 2443 1548 2532 causaadhibetur,
1570 2449 1649 2533 ali03
1673 2472 1725 2522 aut
1740 2452 1764 2523 fi

449 2541 557 2616 ambos
581 2546 701 2616 mittere
723 2543 900 2644 oportebat,
923 2568 1018 2643 quam
1031 2541 1219 2640 deccrctpro
1231 2543 1332 2615 alieno
1344 2538 1509 2629 semissem,
1534 2569 1591 2641 pro
1606 2542 1674 2615 silio
1688 2573 1766 2644 qua-

449 2638 587 2711 drantem
598 2637 776 2738 persolvere3
800 2646 903 2741 itaque
916 2640 972 2712 hac
983 2662 1035 2711 tua
1049 2639 1229 2711 verecundia
1240 2637 1273 2711 id
1283 2636 1383 2806 Ἠ
1395 2636 1550 2725 effeceras,
1574 2661 1610 2710 ut
1625 2646 1772 2717 tetuinus.

322 2825 323 2830 ἵ
449 2737 577 2851 puderet
586 2739 689 2832 rejecii
701 2736 759 2810 filii
772 2743 853 2828 mci,
877 2763 943 2808 non
956 2741 1034 2836 quin
1048 2762 1109 2835 ego
1120 2739 1169 2806 vel
1181 2761 1238 2832 pro
1252 2735 1282 2806 se
1318 2733 1690 2833 'cassempersolverem
1714 2744 1765 2814 vel

450 2860 484 2905 rn
498 2830 652 2908 absurdam
667 2835 877 2908 conditionem
889 2835 1091 2932 exemploque
1103 2832 1167 2903 ind'
1213 2857 1263 2901 am
1273 2834 1464 2903 incurrerem.
1490 2834 1703 2930 Quamobrem
1713 2840 1764 2910 in-
1861 2888 1866 2904 .

451 2933 568 3003 tellecta
580 2934 730 3031 petitione
743 2954 794 3002 tua
805 2929 1034 3015 consternatus,
1057 2930 1167 3026 nequi
1202 2926 1318 2999 sceleris
1332 2951 1383 2999 aut
1396 2929 1504 3028 flagitii
1515 2930 1763 3007 Fabritiuscom-
1805 2941 1809 2948 ’

452 3026 591 3113 misisset,
617 3051 665 3097 cor
689 3026 865 3114 idubitare,
889 3025 1214 3124 interrogatoqueillo,
1237 3019 1696 3127 tumseorsumliliodiligentcr,
1711 3036 1764 3103 ni-

453 3122 497 3194 hil
502 3127 591 3219 potui
603 3054 788 3221 intelligere,
804 3126 951 3195 curillurn
961 3129 1116 3214 rejiceres:
1136 3119 1431 3193 rebarenimcausam
1443 3121 1502 3193 esse
1510 3149 1575 3194 non
1581 3150 1698 3214 veram,
1713 3125 1765 3200 sed

454 3216 645 3316 praetensam,
669 3242 705 3291 ut
720 3221 798 3291 illius
810 3215 903 3292 scelus
915 3216 986 3290 essct
997 3220 1203 3317 impunitum,
1225 3215 1351 3290 infamia
1362 3240 1463 3290 tamen
1471 3220 1765 3318 nondcturparetlu-

455 3315 545 3403 dum,
571 3338 629 3385 nec
651 3315 730 3387 illius
741 3321 919 3415 contagium
932 3316 970 3388 ad
983 3339 1014 3387 te
1027 3317 1206 3412 perveniret.
1246 3317 1296 3384 Sic
1307 3317 1391 3387 enim
1407 3318 1520 3388 dixerat
1536 3314 1766 3413 sapientilsrmus

454 3413 639 3484 monalium.
685 3417 812 3510 Causam
833 3413 951 3512 qaaerit,
971 3422 1025 3512 qui
1047 3417 1117 3483 vult
1136 3411 1284 3506 discedere
1297 3411 1336 3484 ab
1349 3422 1465 3502 amico,
1489 3410 1539 3484 secl
1552 3439 1574 3483 o
1588 3418 1764 3491 mortalium

457 3507 589 3580 menter!
613 3534 648 3582 ac
661 3508 747 3582 s'em
762 3536 863 3582 meam
877 3508 1025 3582 fallacem!
1050 3508 1128 3580 nihil
1140 3507 1251 3580 horum
1262 3511 1407 3597 invenio,
1429 3535 1530 3609 neque
1543 3513 1621 3581 ratio
1627 3507 1767 3586 suadebat
1882 3519 1887 3532 '

456 3608 623 3704 quicquam
644 3536 775 3721 subesse,
799 3632 871 3680 cum
895 3633 961 3678 non
975 3609 1078 3676 minus
1091 3605 1242 3772 flagigium
1256 3607 1355 3718 fuisset
1367 3604 1468 3676 sceleri
1481 3603 1708 3774 obmutcgggre,
1731 3619 1766 3682 δι

358 3777 361 3788 ·
457 3700 1769 3900 ffigffieffiggggffi,ggtgffiggnffioegpgg

459 3896 552 3968 mitto
565 3892 656 3968 semel
663 3919 752 3995 atque
766 3895 831 3984 bis,
849 3900 989 3970 amicitia
997 3905 1076 3988 jura,
1088 3892 1246 3993 fidemque
1259 3896 1540 3992 tmmexpostulans
1551 3895 1770 3994 profilioloso-
1832 3919 1838 3928 ’

459 3990 591 4088 cioque,
616 4018 751 4089 quorum
767 3992 851 4069 causa
863 3996 1106 4084 conjrmfflcrat,
1121 4013 1156 4063 ut
1166 3995 1246 4063 nolis
1258 4017 1309 4062 mc
1323 3989 1455 4064 deserere
1468 3999 1502 4066 in
1515 4015 1596 4065 tanta
1610 3998 1716 4092 inopia
1721 4023 1771 4068 re-

461 4111 532 4172 rum
545 4112 698 4172 meatim,
721 4087 1388 4175 intordiscriminibus,intantanecels1tate,
1414 4086 1774 4189 momninosurduspre·

306 4271 316 4286 ·
464 4180 551 4252 obus
558 4187 635 4256 meis
649 4182 800 4285 filiolique
808 4183 871 4259 inei
882 4186 993 4285 perstas
1005 4189 1040 4256 in
1051 4180 1210 4271 sententia,
1234 4206 1411 4258 nontamen
1422 4213 1484 4286 ego
1494 4186 1542 4258 his
1556 4209 1775 4264 contentiuaut

463 4303 653 4369 commotus,
677 4304 712 4354 ut
748 4309 782 4354 ur
794 4311 834 4356 ne
849 4279 940 4355 semel
955 4287 988 4358 in
1002 4285 1065 4354 vita
1074 4284 1213 4353 amicitia
1225 4285 1291 4373 jura
1302 4283 1498 4374 violaverim,
1522 4286 1560 4356 ad
1571 4307 1601 4355 tc
1614 4288 1723 4372 veni0,
1738 4311 1774 4361 tu

465 4378 660 4475 praepedine,
673 4403 710 4451 ut
723 4311 815 4466 sicis,
839 4389 871 4454 δι
886 4381 968 4454 malo
980 4381 1080 4452 arnico
1092 4378 1228 4468 credere,
1252 4405 1346 4478 quarn
1359 4379 1398 4454 dc
1410 4385 1463 4456 illo
1476 4383 1554 4455 male
1560 4381 1681 4469 sentire3
1707 4409 1775 4456 non

737 4523 742 4534 .
1731 4507 1790 4554 re·
