4067 5425
435 344 500 394 ιω
651 286 1517 411 ¹cns'nrtrtnv'rr

436 447 548 535 fimus,
572 466 639 513 non
661 463 779 525 cacus,
804 464 870 510 non
883 440 990 511 luscus.
1040 440 1096 507 An
1110 437 1157 506 vis
1171 458 1205 507 ut
1218 434 1327 507 oculos
1339 439 1451 508 mentis
1463 433 1635 530 corporisve
1648 461 1752 512 eniam

436 543 532 630 mihi,
556 561 591 610 ut
610 540 648 614 dc
670 561 702 608 te
723 532 820 606 sanius
839 536 993 625 judicem?
1017 538 1074 606 Tu
1096 533 1167 603 vide
1192 534 1268 630 quid
1281 535 1453 630 precipias,
1479 554 1559 603 certe
1573 559 1639 603 non
1651 559 1755 632 parere

438 661 556 711 eertum
570 633 623 708 est.
671 634 773 703 Placet
785 631 864 702 mihi
877 628 1047 702 mentishic
1061 627 1244 730 gratiffimus
1252 654 1348 716 error,
1374 654 1432 699 nec
1445 625 1680 728 sanariunquam
1692 631 1757 704 sus-

437 735 563 810 tinebor
587 732 672 804 sime
689 755 785 814 amas,
809 736 841 798 de
854 726 921 800 lane
932 754 1028 815 amus,
1053 753 1119 796 ama
1127 753 1177 798 me
1186 723 1366 824 quarsocum
1373 725 1431 796 isto
1445 730 1556 795 amoris
1569 750 1640 824 erga
1650 751 1681 798 te
1691 735 1756 802 mei

440 842 536 928 μέτςῳ
555 837 656 920 καλῷ,
681 836 878 917 πεπιεσμὲνῳ,
893 832 1085 917 σεσαλευμῖνῳ
1103 855 1127 926 »5
1146 829 1415 919 όπεςεκχυνομὲνῳς
1440 820 1760 897 stnemeinistovive-

442 957 490 1017 re,
506 934 540 1000 in
550 924 608 998 isto
616 918 705 995 mori.
732 925 805 994 Siue
818 948 936 993 morem
944 920 1045 993 inhoc
1052 920 1110 991 tibi
1125 947 1142 990 a
1155 946 1277 992 menon
1284 924 1359 1017 geri.
1385 923 1569 991 Tuamame
1577 943 1611 989 ut
1621 920 1763 1010 libuerit,

440 1025 492 1099 sed
504 1045 603 1121 patere
614 1042 649 1091 ut
662 1022 774 1091 amoris
788 1045 821 1090 er
842 1040 902 1090 ate
915 1023 977 1090 mei
992 1017 1105 1090 modus
1118 1016 1155 1087 stt
1167 1072 1178 1104 ,
1203 1016 1265 1087 fine
1281 1015 1377 1088 modo
1391 1038 1420 1086 te
1434 1042 1544 1086 amate.
1590 1019 1758 1091 Beverovi-

445 1125 487 1192 cli
500 1118 637 1190 studium
649 1118 754 1188 laudo:
780 1047 986 1188 seinonsatis
998 1118 1103 1212 capio,
1128 1114 1478 1212 quomodoComatua‚
1498 1112 1652 1201 Hebraeo,
1667 1116 1760 1186 Gra:

444 1242 503 1306 cn,
526 1218 639 1287 Latino
651 1216 752 1298 cultu,
776 1234 880 1284 ornata
893 1219 926 1283 δι
940 1210 1143 1303 interstinffl,
1169 1212 1297 1310 Brigicae
1311 1209 1395 1307 plebi
1400 1210 1524 1313 placere
1532 1214 1653 1306 poterit.
1702 1219 1760 1283 An

444 1336 494 1387 tot
515 1314 656 1386 locorum
675 1335 751 1383 verae
764 1307 828 1380 'sua
849 1311 974 1383 lefiioni
1001 1308 1233 1394 restitutorum,
1265 1311 1399 1378 nitorem
1425 1311 1458 1373 &
1481 1308 1661 1404 elegantiam
1684 1313 1766 1406 capit

448 1412 551 1498 miles,
576 1426 684 1494 nauta,
706 1404 813 1477 artifex
828 1410 976 1491 Batavus,
997 1402 1120 1502 sequior
1133 1409 1288 1500 integerve
1305 1399 1409 1473 sexus?
1433 1408 1765 1503 Impatienterexpeblo

450 1506 527 1607 quid
549 1506 587 1577 de
608 1526 639 1575 te
653 1501 801 1601 rebusque
816 1507 876 1574 tuis
888 1502 1047 1573 statuerint
1061 1501 1247 1571 Academica
1259 1501 1391 1570 comitia
1444 1496 1590 1596 Diploma
1600 1501 1766 1600 litteraque

450 1606 543 1703 regia
556 1603 652 1674 calcar
666 1599 899 1671 currentibus&
915 1599 994 1669 bene
1008 1596 1123 1668 affeliis
1136 1600 1273 1668 animum
1288 1595 1466 1667 addiderint.
1495 1595 1686 1668 Doucltantii
1698 1624 1766 1670 me-

453 1724 573 1777 morem
654 1717 783 1795 tumque
804 1699 942 1767 animum
961 1693 1139 1787 exosculor„
1174 1696 1272 1764 Mitto
1293 1716 1364 1762 ecce
1378 1695 1504 1762 alterum
1529 1697 1773 1788 Σνηαπασμαὶτιου

455 1824 494 1868 ex
508 1803 600 1885 ejusa
639 1798 805 1863 Launaeum
818 1788 958 1889 epistola,
982 1789 1101 1890 quodsi
1117 1814 1185 1860 vera
1200 1811 1312 1874 narrat,
1338 1810 1393 1859 uec
1412 1788 1548 1860 dubitare
1565 1786 1676 1877 fnest,
1702 1819 1770 1863 ma·
1889 1802 1893 1809 “

565 1894 599 1961 in
609 1885 692 1986 spem
706 1887 949 1958 adducoromnia
956 1912 993 1956 ex
1002 1908 1077 1957 voto
1086 1884 1190 1956 nostro
1205 1882 1373 1956 successura.
1400 1885 1546 1955 Etinhoc
1554 1890 1769 1986 triumphabo,

495 2012 589 2084 opera
600 1982 783 2055 industriave
797 1984 964 2054 amiconam
977 2009 1119 2054 meorum
1126 1981 1256 2053 tibinon
1270 1978 1363 2051 fuerit
1371 1984 1459 2079 plane
1475 1985 1596 2053 inutili&
1623 1987 1681 2057 Sed
1718 1988 1773 2059 uid

458 2084 514 2157 liet
525 2081 667 2154 Bullialdi
681 2077 775 2150 nostri
796 2077 981 2150 dedlcatorio
1005 2078 1146 2177 epistolio
1162 2086 1176 2147 l
1207 2081 1281 2169 Epa
1297 2075 1479 2175 Astrologiae
1494 2080 1663 2152 Philolaicae
1677 2014 1774 2157 editio

464 2177 598 2252 absoluta
609 2176 662 2247 est.
708 2175 855 2245 Universr
869 2180 969 2273 operis
980 2175 1114 2273 singulos
1124 2174 1219 2245 libros
1237 2172 1362 2279 fingulis
1373 2174 1517 2245 heroibus
1528 2175 1693 2249 dedicavit:
1719 2182 1777 2252 U-

361 2282 364 2288 ’
437 2316 443 2321 -
462 2302 539 2348 num
552 2273 627 2358 tibi,
643 2275 693 2345 cui
705 2274 784 2341 inter
797 2293 900 2341 caetera
906 2274 1082 2367 proximum
1095 2274 1127 2341 in
1140 2274 1267 2371 patriam
1281 2292 1297 2340 a
1310 2270 1432 2367 Regina
1440 2276 1588 2370 regnique
1598 2276 1782 2349 Primatibus

388 2356 391 2363 ⁵
462 2390 657 2470 procuratum
669 2365 800 2437 reditum
812 2369 983 2465 gratulatur.
1032 2367 1103 2436 Nisi
1115 2392 1224 2437 omnes
1237 2374 1299 2456 ejus
1318 2367 1588 2440 demonstrationes
1601 2369 1777 2444 Mathema-

463 2472 529 2538 titae
546 2463 677 2535 fimrioti
697 2461 898 2534 fundamento
920 2468 1115 2548 innitantur,
1147 2463 1312 2534 immensus
1334 2472 1401 2534 viro
1421 2468 1544 2562 optimo
1567 2468 1652 2540 labor
1674 2473 1776 2567 periit.

465 2559 774 2635 Mantiffamtuamad
786 2560 979 2631 Ablancurtii
1014 2560 1112 2631 uaesrta
1122 2582 1192 2631 cum
1208 2561 1359 2658 Menagio
1372 2563 1628 2651 communicabo,
1642 2592 1702 2663 qua
1714 2592 1782 2640 eam

466 2660 505 2733 ad
518 2660 652 2731 amicum
663 2659 772 2729 mittat.
821 2664 917 2729 Penes
929 2683 1005 2729 mee
1048 2657 1196 2728 Bochardi
1212 2657 1461 2729 Commentarius
1474 2660 1784 2760 Geographicusam-

468 2756 615 2856 pliffimus
629 2753 665 2825 ad
679 2776 770 2850 caput
785 2755 940 2827 decimum
954 2753 1137 2840 Geneseos,
1171 2758 1203 2823 in
1220 2775 1284 2852 quo
1302 2758 1347 2824 tui
1366 2749 1538 2828 honorifica
1559 2758 1695 2855 pluribus
1708 2764 1787 2833 locis

470 2855 601 2924 mentio.
649 2850 928 2921 Multaeruditione
941 2855 1068 2947 plenum
1083 2876 1159 2945 opus
1173 2854 1246 2920 &in
1258 2847 1787 2956 argumentolacroomnesl’topha·

475 2973 522 3019 nae
534 2951 691 3018 literattuae
704 2942 781 3016 fines
800 2971 962 3043 pererrans.
1008 2949 1129 3018 Vereor
1141 2966 1176 3015 ut
1191 2951 1371 3033 Sommero,
1395 2955 1445 3018 cui
1464 2950 1642 3024 Ebenbitare
1654 2959 1791 3040 commi-

471 3042 553 3130 slstl,
578 3039 720 3114 seciusali
743 3042 797 3113 uid
808 3040 972 3130 acciderit,
996 3043 1088 3112 de'eo
1102 3044 1187 3111 enim
1200 3041 1367 3113 nihildum
1384 3045 1493 3115 audivi.
1518 3051 1788 3123 Stuartiivocatio-

472 3166 547 3210 nem
560 3139 598 3209 ad
611 3133 693 3208 Prof
729 3163 834 3209 ionem
852 3137 1096 3236 philosophicam
1114 3142 1270 3209 exanimo
1286 3138 1345 3210 tibi
1357 3139 1473 3238 ipsrque
1487 3140 1649 3230 successille
1664 3150 1788 3246 utrique

475 3234 607 3306 vestrum
614 3234 756 3329 grattrlor.
807 3234 866 3306 Sed
883 3236 1012 3306 Rivetut
1026 3238 1164 3332 queritur
1177 3230 1206 3303 se
1220 3233 1315 3305 inscio
1322 3234 1353 3306 id
1367 3263 1383 3306 a
1395 3259 1425 3306 te
1433 3237 1552 3333 gestum
1562 3239 1628 3318 else.
1678 3245 1789 3316 Deum

473 3354 604 3401 veneror
612 3349 699 3412 otte,
720 3333 821 3415 tuam,
846 3350 934 3419 tuos,
959 3354 1072 3431 tuaque
1081 3333 1186 3400 omnia
1201 3327 1346 3402 fortunct.
1372 3336 1461 3404 Vale.
1483 3340 1609 3408 Lutetiae
1619 3338 1706 3412 Parii.
1722 3338 1791 3440 ipso

476 3427 688 3500 Martinalium
696 3425 927 3498 Novembrium
941 3428 1001 3500 die.
1027 3452 1084 3498 cra
1105 3450 1159 3496 rac
1172 3450 1271 3498 κων.

919 3550 1309 3625 EPISTOLA
1358 3553 1400 3623 C.

571 3680 704 3778 CL
809 3679 1698 3779 SAR.RAlJIUs

994 3837 1291 3937 mmmm

520 3929 679 4003 Lugdunum
692 3923 871 3987 Batavorum

560 4005 878 4103 Acerenonpoffum,
900 4009 977 4107 quin
989 4008 1046 4080 tibi
1059 4008 1209 4099 assentiar,
1234 4011 1272 4084 de
1287 4011 1415 4099 vitioso,
1436 4016 1795 4088 antetuamemtndatio-

564 4100 1799 4206 nem,Hesychiilocotnihiltarnenvetat,quinTarfrcitiyndidisrntetiamCi-

397 4253 400 4264 .
485 4191 565 4285 licii3
588 4221 660 4268 cnm
676 4197 796 4270 constet
810 4201 942 4272 Tarsum
957 4202 1076 4272 Ciliciae
1092 4201 1181 4275 inille
1193 4209 1398 4302 metropolim.
1425 4207 1484 4290 Sed
1499 4231 1570 4279 cum
1584 4208 1797 4286 nihilhabeam

470 4409 474 4416 ¹
488 4317 556 4403 quo
564 4295 596 4366 id
603 4293 748 4407 probem,
773 4300 905 4408 omnino
918 4301 951 4368 in
963 4320 1013 4369 tua
1028 4299 1236 4467 expolitione,
1259 4302 1579 4416 cuinihilcontrarium
1590 4305 1717 4394 adduxi,
1737 4331 1797 4377 nec

490 4411 584 4464 etum
591 4392 699 4467 adduci
703 4390 786 4491 polle
793 4391 1063 4495 existumo,acqure
1076 4397 1208 4471 cendum
1215 4395 1270 4473 est.
1277 4400 1331 4472 De
1338 4424 1372 4473 ea
1379 4426 1416 4473 ex
1423 4397 1644 4474 solrtafonnula
1649 4428 1726 4504 ‚ago
1731 4428 1801 4513 gra-

1735 4519 1799 4571 tm.
