4067 5425
653 350 682 423 E
730 355 756 423 l’
804 355 819 423 l
867 351 888 423 S
936 354 971 426 Τ
1018 348 1054 426 0
1099 355 1128 427 L
1173 359 1223 429 ὧ.
1523 386 1583 469 ¹¹3

278 467 462 543 Niulahim
476 467 666 541 deerunttibi
677 497 694 541 e
706 474 741 541 B.
751 472 791 543 R.
805 468 950 558 subfidia,
973 470 1074 544 statim
1087 500 1120 545 ac
1136 475 1259 547 illustres
1273 472 1375 547 fratres
1387 477 1586 555 inearesede·

280 571 352 639 rint.
396 569 485 638 Cum
498 569 581 637 enirn
595 591 632 636 eir
647 568 695 638 illa
712 568 870 665 Georgius
884 570 1057 640 Monachus
1071 574 1148 641 olim
1160 572 1387 670 adSealigerum
1406 577 1589 649 avolaverit:

279 662 390 761 quidni
403 667 495 734 etiam
517 687 599 733 nunc
620 664 738 734 Catena
757 664 870 734 Graeca
888 666 921 735 in
938 660 1069 736 Psalmos
1090 670 1193 738 &alia
1213 673 1318 740 omnia
1337 671 1373 740 ad
1386 673 1585 746 Salmasrum?

279 757 382 832 Modo
390 757 643 846 hoesecretofiat,
667 758 848 857 impetrabis.
896 764 986 831 Turn
994 760 1243 852 militia‚usurae,
1262 776 1584 857 ,mutuumcumomni
1692 808 1695 815 ⁴

279 862 345 947 jure
355 859 470 928 Graeco
481 860 627 929 Romano
639 854 697 927 tibi
710 858 821 929 merito
841 854 1014 928 sordebunt.
1064 860 1154 956 Qid
1167 864 1251 933 enim
1264 866 1365 933 omnis
1378 864 1533 960 prophana
1545 872 1583 939 li·

276 971 404 1024 teratura
418 952 456 1023 ad
471 951 533 1024 hac
547 976 618 1024 vere
628 948 706 1023 sacra
718 950 861 1048 Mysteria
878 961 892 1024 l
925 955 1022 1024 Pluris
1040 951 1122 1027 facio
1133 958 1180 1027 vel
1189 983 1288 1028 unum
1300 960 1462 1056 Euangelii
1474 964 1580 1037 locum

276 1050 374 1120 nitide
386 1051 583 1146 explicatum,
608 1075 702 1147 quam
719 1048 888 1146 quemlibet
900 1047 999 1120 saeculi
1017 1052 1174 1123 aussorem
1191 1057 1307 1154 integre
1320 1058 1519 1129 emaculatum
1533 1065 1583 1133 vel

276 1144 456 1217 restitutum.
506 1148 581 1216 Hoc
617 1150 650 1214 ui
666 1142 724 1214 tibi
737 1147 814 1214 velle
827 1144 927 1231 dedit,
962 1146 1149 1245 detquoque
1165 1156 1199 1219 &
1219 1149 1371 1245 perficere.
1422 1153 1509 1224 Cum
1522 1183 1581 1228 vo·

272 1242 388 1337 luptate
401 1244 463 1339 legi
480 1172 706 1339 responsonem
719 1240 853 1312 mamad
867 1240 990 1313 Pabroti
1000 1241 1187 1339 Epistolam,
1211 1272 1271 1316 uiia
1278 1245 1579 1324 distinfflonehasie-
1680 1242 1685 1255 ’

270 1362 329 1408 iius
342 1365 408 1409 non
423 1339 582 1409 intelleeu.
628 1338 814 1408 contradus
826 1340 931 1408 Mutui
948 1346 981 1409 δε
1003 1340 1065 1410 Rei
1078 1362 1187 1411 mutuo
1202 1340 1276 1412 datae
1295 1364 1392 1413 totam
1404 1367 1581 1419 controver-

270 1431 344 1504 siam
363 1434 525 1506 absolvilli.
574 1433 729 1505 Nondum
746 1435 834 1504 licuit
852 1459 919 1504 eam
940 1459 1011 1507 cuin
1035 1437 1185 1533 Menagio
1205 1437 1310 1509 nostro
1331 1445 1578 1534 communicare,

298 1530 362 1600 uod
373 1531 467 1601 hodie
478 1533 519 1600 ita
530 1528 617 1625 spero
625 1527 746 1601 faciam.
794 1528 879 1601 Vide
892 1551 1035 1602 utcaetera
1046 1553 1097 1603 tua
1104 1530 1283 1623 novissima,
1309 1534 1404 1606 sirion
1412 1541 1561 1611 antealios
1567 1595 1579 1627 ,
1702 1536 1708 1549 ’

313 1646 377 1696 tem
390 1629 570 1723 neutiquam
580 1624 650 1723 post
664 1646 786 1696 eaeteros
801 1622 936 1697 habeam.
985 1630 1147 1700 Seisenirn
1178 1656 1247 1702 uam
1263 1634 1580 1728 inpatientertuade-

270 1720 413 1809 sidetem,
438 1747 592 1886 quamque
604 1721 735 1793 lhidiose
751 1747 786 1792 ea
798 1723 907 1819 legam.
929 1724 972 1794 Et
984 1722 1047 1794 baee
1059 1655 1437 1817 morasereunaeausaest‚
1450 1730 1579 1826 quarab-

269 1812 487 1890 sentiamtuam
495 1822 539 1889 mi
561 1816 742 1889 imolestam
757 1814 854 1890 faciat.
903 1820 1000 1915 Qiod
1016 1820 1210 1893 siremovere
1222 1818 1314 1920 possis
1325 1825 1578 1917 incommodum,

271 1917 409 1986 maximo
422 1913 636 1986 mebenelicio
648 1916 831 1989 madareris.
882 1913 1033 1988 Adversus
1052 1918 1180 1989 Amaldi
1202 1921 1251 1990 vel
1273 1923 1433 2016 Sancyrani
1446 1922 1581 2018 opuscu-

268 2012 545 2082 lumGallicumde
559 2016 689 2082 Petro&
706 2012 800 2081 Paulo
814 2009 952 2083 Ecclesia
966 2012 1063 2084 Rom.
1078 2013 1257 2110 Capitibus,
1282 2017 1320 2087 de
1338 2016 1457 2088 Petros
1567 2026 1578 2091 i
1652 2030 1667 2065 ¹
1706 2008 1734 2115 ’1

266 2103 398 2198 ejusdem
419 2105 556 2179 Ecclesia
571 2105 731 2179 fundatore
739 2159 751 2191 ‚
780 2112 889 2179 Latine
899 2106 1011 2205 scripsit
1026 2105 1137 2180 isaacus
1151 2109 1327 2199 Habemus,
1357 2120 1441 2203 cujus
1458 2116 1481 2184 li
1503 2142 1571 2189 rum

267 2216 341 2287 ate
362 2206 422 2303 legi
443 2203 635 2276 necessarium
658 2202 747 2274 duco.
810 2204 869 2276 Sed
897 2231 990 2302 quain
1019 2208 1126 2303 rogavi
1152 2202 1331 2279 sententiam
1357 2229 1467 2297 tuam,
1505 2216 1577 2309 quia

290 2297 496 2387 ronuniialii3
534 2329 601 2375 eam
621 2295 759 2396 religiose
779 2304 877 2372 colere
898 2301 1006 2387 malo,
1044 2328 1136 2401 quam
1159 2305 1256 2374 nimia
1275 2309 1423 2376 anxietate
1445 2306 1575 2404 sopitam

264 2325 353 2467 stem
367 2396 579 2495 redintegrare.
627 2398 743 2467 Croius
764 2394 802 2467 ad
822 2392 891 2467 suos
908 2397 1022 2485 rediit,
1053 2424 1123 2496 erga
1145 2399 1309 2474 Heinsiuin
1324 2404 1401 2472 male
1413 2407 1572 2478 animatus.

268 2492 552 2592 Sipromissoopere
566 2493 764 2589 defungatur,
788 2515 833 2563 vae
840 2491 991 2579 Heinsio,
1013 2498 1154 2565 vaeetiam
1167 2494 1363 2584 Boxhomio,
1385 2501 1576 2597 quemaudio

180 2610 189 2623 ·
263 2589 415 2662 laboranti
426 2593 559 2660 amiculo
574 2615 674 2687 parare
686 2589 842 2684 suppetias.
891 2592 973 2659 Acer
986 2591 1070 2659 enim
1088 2587 1132 2659 est
1145 2598 1178 2661 dc
1196 2591 1387 2679 indomitus,
1411 2596 1466 2760 gui
1490 2623 1528 2667 ue
1542 2594 1573 2671 se

266 2688 429 2785 optionem
441 2684 500 2757 tibi
511 2684 667 2760 succedere
702 2684 866 2756 loriabitur.
914 2686 1007 2783 AEgre
1026 2706 1128 2782 tamen
1141 2687 1211 2758 tulit
1228 2685 1258 2758 se
1277 2691 1398 2786 patroni
1449 2622 1575 2764 asino-

265 2778 594 2869 mineconsutatumin
609 2712 746 2879 Epilsola
755 2780 793 2853 ad
807 2784 1004 2878 Menagium:
1029 2780 1106 2853 adeo
1119 2780 1267 2855 delicatuli
1282 2783 1428 2859 stomachi
1438 2782 1574 2860 suntho-

269 2883 372 2954 mines
381 2878 511 2965 eruditi,
541 2901 576 2950 ut
589 2879 667 2950 nihil
723 2875 810 2965 ssrnt,
842 2875 1046 2948 duriusculum
1060 2878 1144 2976 quod
1158 2877 1215 2966 sit,
1247 2882 1390 2979 digerere.
1440 2885 1578 2960 Homini

266 2973 1574 3168 iimsduriiiiiiiiiiiuciip'touissiiiiiiiniaiiiiiiiiisiiiriiiiisniiiisi
1714 3014 1718 3026 ‚

265 3170 301 3240 in
314 3169 423 3242 heduis
441 3171 501 3239 tuis
517 3189 663 3268 repertas,
683 3194 758 3267 quas
772 3169 929 3267 patiuelis,
953 3166 1014 3238 tibi
1033 3168 1218 3262 ὁμόνυμρν,
1242 3169 1280 3241 ad
1292 3192 1323 3241 te
1336 3170 1497 3243 mittendas
1510 3192 1574 3243 tra·

265 3264 353 3339 didit.
402 3263 644 3338 Existimaverim
660 3290 708 3335 eas
728 3267 854 3336 Natura
874 3265 976 3361 potius
989 3259 1166 3350 ellelustis3
1197 3266 1388 3363 quamutab
1406 3266 1576 3342 universalis
1644 3265 1649 3273 ’

265 3360 518 3459 diluviitempore
530 3363 592 3434 illic
600 3358 825 3460 permanserint
871 3361 943 3431 Viri
958 3361 1043 3429 enim
1055 3358 1184 3448 nobilis,
1205 3361 1475 3460 quieaseiihibuit,
1499 3364 1575 3437 sides

269 3456 409 3530 dubitare
421 3484 488 3529 non
502 3458 595 3546 smit,
623 3459 767 3556 plurimas
786 3452 895 3528 suniles
908 3454 953 3524 ibi
967 3454 1183 3552 reperiundas:
1216 3481 1248 3530 te
1265 3480 1404 3555 praterea
1427 3461 1576 3536 ewulm

266 3553 376 3626 testem
386 3555 494 3626 laudat
544 3557 639 3628 Certe
651 3557 684 3624 in
696 3554 772 3624 locis
794 3550 1038 3643 diffluamus
1060 3555 1110 3624 vel
1128 3557 1235 3624 amari
1255 3552 1335 3625 haud
1367 3551 1577 3628 luseulumre-

264 3653 376 3750 motis,
400 3647 487 3720 verbi
501 3655 595 3747 gratia
610 3654 644 3723 iii
659 3650 812 3746 Euganeis
824 3649 861 3721 ad
874 3651 1031 3720 Patavium
1045 3647 1221 3735 montbus,
1246 3581 1577 3740 miiltaiujulinodiin-

267 3743 862 3846 renirinonmirantur‚quilciuntfieri
874 3743 1020 3843 potuisse,
1045 3742 1344 3832 immosadumelle,
1366 3747 1576 3846 utaliquando

267 3867 400 3915 marceo
412 3838 507 3939 usque
519 3847 698 3940 pervenerit
745 3839 1213 3928 Sedinmediterraneisrestris,
1226 3839 1337 3914 hocest
1350 3841 1576 3918 inmediaGal·
1683 3890 1695 3904 ·

265 3940 329 4024 lia,
350 3936 497 4010 familiare
510 3942 543 4014 id
556 3937 634 4028 esse,
656 3940 772 4011 summa
785 3936 915 4036 dignum
931 3933 975 4008 est
990 3934 1198 4007 admiratione.
1248 3941 1303 4009 An
1317 3961 1431 4011 veteres
1445 3942 1572 4016 Natura

267 4033 370 4129 mystae
381 4034 496 4133 aliquid
518 4039 694 4131 παρεμφερὲς
716 4030 940 4108 observavere?
972 4032 1092 4119 Certe,
1123 4032 1210 4130 quod
1231 4060 1297 4106 non
1310 4035 1449 4124 abludit,
1480 4036 1575 4136 pisces

266 4128 384 4204 fossius
394 4121 590 4221 Aristoteles,
618 4135 750 4219 Plinius,
776 4129 885 4202 Strabo
905 4154 1118 4202 memoravere.
1164 4132 1246 4201 Eece
1264 4132 1345 4203 aliud
1361 4133 1522 4205 eruditaE
1546 4137 1574 4204 i-
1600 4174 1605 4182 ·

268 4227 352 4300 stolae
467 4252 592 4316 entum,
616 4228 824 4327 disquisitione
841 4249 891 4299 tiia
905 4253 972 4298 non
986 4224 1169 4325 indignum,
1194 4224 1270 4297 dum
1283 4229 1340 4298 alia
1352 4159 1576 4300 volvendadies

267 4327 351 4396 tiltro
467 4322 887 4424 .Replieationemsuam,
911 4324 997 4423 quod
1010 4324 1140 4393 minime
1153 4322 1323 4437 improbo,
1355 4323 1484 4394 instituit
1499 4348 1575 4422 ergo
1713 4341 1717 4347 “

257 4417 483 4521 'spanhemium
506 4446 579 4494 ciim
591 4419 754 4522 prasertim
776 4418 957 4496 modestiam
968 4444 1030 4588 lipos
1042 4415 1146 4493 insuis
1158 4416 1272 4519 scriptis
1285 4417 1575 4614 nondefideratspurops
1592 4505 1618 4518 Ι,
1649 4508 1652 4516 Ι
