4067 5425
583 288 1340 373 timoniiunitronn.
1571 326 1614 382 ar

289 402 410 486 fornile
423 431 492 482 non
508 406 694 484 desideranti.
741 408 917 509 Nunquam
936 406 1035 482 stadio
1047 411 1090 483 ita
1110 433 1202 513 atque
1226 413 1346 509 abjecto
1366 418 1472 493 atiiino
1485 411 1558 509 fiii,
1583 443 1623 501 ue

289 508 378 612 quasi
390 507 579 604 mancipium
589 507 628 580 dc
635 502 741 580 catasta
753 524 881 607 propter
892 508 983 579 unius
994 505 1150 582 alteriusve
1164 514 1239 583 anni
1260 511 1396 610 bginam
1416 521 1507 591 tantis
1517 525 1619 618 pregi-

291 605 351 679 bus
364 612 399 678 δι
411 605 571 677 lenociniis
583 601 800 702 supplicarem,
823 629 937 703 ineque
950 603 1088 680 illiberali
1099 629 1216 679 conatu
1226 609 1512 688 inmolestissimam
1526 615 1619 694 servi·

290 724 393 777 tutem
406 700 562 774 traderem
610 704 737 774 Tamen
751 700 838 800 quod
850 701 889 772 de
900 698 1061 800 pmfiitura
1074 700 1178 778 studiis
1190 708 1270 778 meis
1282 711 1441 805 provincia
1456 711 1622 810 diligenter

290 796 548 898 circumspiciam,
572 823 625 869 me
638 798 716 870 adeo
729 818 847 895 cogunt
858 795 1106 872 calunitolilsuna
1117 798 1181 873 lm
1195 823 1352 901 tempora,
1376 809 1411 877 in
1423 832 1559 924 quaeeqo
1567 814 1619 886 in·
1759 865 1763 880 .

291 897 416 998 cidi,q
483 921 523 966 ue
537 896 707 968 innumeris
719 920 770 967 me
785 891 1012 969 difficultatibus
1032 893 1179 971 afficiunt
1227 901 1309 971 Non
1324 898 1499 994 diffitebor,
1517 907 1616 981 undu.

292 992 394 1067 striarn
406 990 476 1066 deb'
492 995 612 1065 tant&
625 993 777 1090 igniculos
795 993 900 1064 animi
910 1015 992 1091 pene
1004 996 1199 1092 extinguunt.
1247 1000 1361 1073 fresia
1379 1009 1485 1096 navi,
1515 1006 1623 1104 inquit

290 1114 377 1166 vetus
390 1092 497 1162 audior
515 1088 554 1161 ad
573 1091 797 1176 Herennium,
820 1091 912 1160 multi
924 1093 1089 1163 incolumes
1108 1090 1251 1188 evasere,
1269 1120 1311 1166 cx
1329 1100 1493 1199 nmftngio
1507 1111 1620 1204 patria
1712 1119 1717 1126 ·

290 1183 496 1285 nemofirlvus
510 1184 655 1259 enecabit.
704 1184 766 1257 Sed
779 1182 1048 1298 nisiegojaetttra,
1069 1213 1165 1285 quain
1179 1185 1258 1280 feci,
1280 1215 1544 1286 terminatum,
1569 1219 1617 1270 m.
1758 1231 1761 1237 .

291 1287 426 1360 mentiti
436 1282 555 1371 debeo,
577 1284 711 1356 maxine
724 1305 929 1356 commoveor
940 1287 1151 1356 internecione
1163 1290 1289 1381 patria,
1313 1296 1398 1383 cujus
1411 1288 1617 1379 deformatam

290 1384 388 1458 ruinis
400 1377 609 1480 incendiisque
623 1375 766 1477 profecto
778 1373 985 1449 cadaverosum
996 1374 1110 1450 faciem
1122 1405 1281 1480 nunquam
1294 1382 1357 1456 sine
1364 1385 1615 1492 dolore&12erp.

290 1477 562 1556 niisintuebimur.
586 1473 744 1547 stainfeliir
752 1472 894 1545 Cimbtia
930 1471 1384 1552 erverliffimiseorumconsiliis
1397 1477 1506 1580 periit,
1529 1513 1617 1600 quo*

290 1600 361 1647 min
373 1563 529 1648 leviffimi's
540 1568 816 1658 arbitriittenetutl
840 1498 938 1641 Noili
952 1596 1032 1669 quos
1039 1570 1148 1646 dicam,
1199 1576 1268 1668 Qui
1281 1573 1338 1646 nisi
1351 1578 1506 1671 concussi,
1518 1585 1613 1675 victi,
1708 1649 1711 1660 i

289 1671 423 1769 perditi,
454 1678 576 1769 jamque
591 1671 625 1740 in
639 1690 773 1740 extrema
793 1664 986 1740 sentinarum
998 1671 1144 1743 onmium
1165 1670 1247 1744 linea
1259 1670 1417 1745 constituti
1429 1674 1612 1776 flagitiosam

289 1770 386 1842 vitain
405 1771 486 1839 tueri
506 1791 574 1836 non
600 1785 764 1861 poterant:
791 1787 936 1860 namque
959 1765 1062 1835 omnis
1086 1768 1212 1864 antiqua
1236 1770 1355 1858 virtus,
1386 1797 1453 1869 quae
1470 1777 1610 1875 aliquan.

291 1864 335 1937 do
347 1868 382 1935 in
392 1861 449 1934 liae
462 1864 586 1935 natione
598 1860 744 1960 regnabat
757 1914 768 1949 ,
792 1886 809 1932 a
825 1862 930 1931 inultis
943 1861 1031 1931 annis
1041 1861 1114 1933 luxu
1127 1862 1287 1936 consumta
1310 1865 1363 1937 eit
1413 1868 1570 1948 Caeterum
1584 1872 1611 1951 li

290 1963 360 2062 quis
382 1957 469 2055 hujus
482 1956 624 2030 socordiae
645 1963 679 2030 in
692 1983 791 2028 iurum
805 1967 909 2126 pqem
921 1951 1038 2029 causam
1052 1956 1228 2050 transferet,
1252 1985 1299 2032 nae
1312 1963 1400 2036 illum
1414 1991 1431 2034 e
1452 1989 1475 2036 o
1488 1989 1540 2040 aut
1546 1972 1610 2041 ini·

289 2084 387 2156 quum
399 2079 452 2129 aut
463 2057 553 2155 plane
565 2053 672 2126 haruin
684 2080 787 2126 rerum
809 2057 816 2071 '
853 2056 938 2168 ciunt
958 2049 1017 2125 elle
1033 2053 1171 2129 arbitror.
1218 2060 1319 2131 Nullo
1331 2086 1387 2157 per
1400 2086 1438 2133 or
1525 2083 1609 2140 tenae

287 2179 385 2324 lits
394 2147 1611 2354 llffiifflcffissiffissffsnmdsilifflffifflgffl

287 2345 645 2446 pillimaeosacramento
652 2345 801 2446 astringit,
808 2369 843 2418 ut
851 2344 1156 2446 nqfivtlitquidem,
1162 2348 1342 2447 polsitbene
1350 2355 1541 2425 omniadeex
1549 2352 1607 2432 usu

308 2446 412 2518 ublico
424 2443 532 2518 facere.
560 2444 660 2541 Qiod
672 2450 790 2517 utinam
804 2442 866 2543 ipsa
877 2440 1079 2542 Resp.'taiitat
1089 2447 1209 2538 injuriat
1222 2445 1402 2520 homitibus
1412 2450 1606 2551 nairarepofl
1662 2453 1666 2460 ⁴
1739 2471 1747 2484 “

286 2470 348 2631 le't,
371 2547 475 2616 minus
487 2539 615 2632 dubito,
640 2546 718 2643 quin
731 2544 815 2614 viros
827 2539 964 2640 quosque
977 2542 1115 2638 optimos
1137 2545 1172 2614 in
1193 2542 1491 2619 conmeiserationem
1507 2549 1610 2648 Regis

286 2642 402 2809 iili
417 2635 1611 2817 &metumientem

286 2858 353 2905 nori
367 2792 642 2922 adbosuavirtute,
666 2762 1001 2936 qualiDeibmbficio.
1025 2832 1609 2924 llletaridemnostrimisereatur,&re-

284 2930 394 3031 liquias
406 2932 581 3004 sacriltatum
593 2929 763 3005 nolli-anim
778 2935 813 3003 in
825 2952 928 3004 tutum
938 2932 1079 3002 collocet.
1100 2931 1216 3030 domii
1230 2936 1284 3030 stt
1301 2933 1440 3023 βοήθημα
1453 2936 1606 3031 dederim·

285 3057 347 3118 ror,
369 3027 428 3100 nisi
442 3030 493 3099 ille
507 3056 632 3100 manuni
647 3029 825 3102 admoverit
875 3026 1129 3126 Qiorsuniista?
1152 3029 1229 3129 quid
1240 3058 1288 3101 me
1321 3035 1429 3101 uereli's
1443 3042 1604 3107 exanimas

284 3123 368 3197 tuis?
392 3128 522 3227 inquiet.
571 3128 733 3199 Nimirum
747 3152 814 3231 quae
830 3128 841 3196 i
863 3123 892 3196 se
906 3121 1078 3196 nonscribo
1091 3122 1203 3224 absque
1217 3129 1299 3199 mole
1328 3129 1336 3143 ”
1358 3129 1604 3219 διωοωιηὶιηὶ,

283 3219 438 3296 scribenda
453 3244 555 3312 etant,
578 3246 615 3294 ut
628 3223 822 3296 acerbitatem
834 3153 966 3293 sbminae
979 3245 1055 3291 nnete
1068 3246 1085 3290 c
1152 3221 1275 3294 osceres.
1307 3226 1397 3305 zoob]
1410 3220 1462 3313 tlt*
1472 3225 1604 3324 myapu‘-

284 3319 362 3392 alm
377 3322 430 3394 iile
441 3324 547 3393 aleria
561 3320 686 3406 βλέέας
701 3375 714 3409 ,
737 3320 824 3417 quod
837 3316 883 3390 est'
893 3318 974 3416 apud
987 3317 1064 3388 Euri
1085 3320 1097 3389 i
1118 3346 1178 3391 ein
1224 3321 1350 3419 Sedego
1364 3319 1503 3395 infinum
1512 3346 1606 3398 tuum

284 3442 367 3489 meas
380 3415 587 3490 solicitudinet
597 3419 684 3488 volui
697 3441 850 3515 exponere
862 3469 874 3502 ,
905 3416 978 3512 quia
997 3433 1030 3484 te
1046 3345 1145 3487 AEutis
1156 3441 1232 3488 inea
1243 3442 1346 3487 curam
1357 3414 1511 3516 suscepisse
1532 3425 1602 3492 ani·

281 3513 516 3586 madvertebam.
564 3516 612 3585 Ea
625 3516 759 3585 omnino
809 3512 853 3585 ud
865 3537 916 3583 me
930 3508 974 3581 est
988 3511 1168 3608 integritatis
1181 3535 1239 3585 tuae
1253 3513 1428 3600 fiducia,ut
1443 3514 1607 3587 telinesu-

280 3605 419 3708 spicione
432 3611 472 3682 ad
483 3613 580 3683 animi
591 3613 656 3683 inei
667 3540 831 3707 penendi
842 3592 1029 3682 admittam'
1062 3616 1178 3681 Potero
1189 3610 1318 3707 quidem
1330 3631 1457 3704 egomet
1472 3608 1535 3707 ipse
1542 3613 1604 3684 levi

279 3710 411 3804 negotio
422 3705 594 3780 rationibus
606 3709 683 3779 ineis
695 3704 772 3805 pros
787 3708 891 3797 icere,
923 3703 1104 3777 simeoruin
1124 3707 1275 3777 voluntati
1289 3703 1460 3804 obsequor,
1484 3705 1602 3822 quibus

279 3801 462 3893 idconsilii,
487 3802 686 3890 eactiraest,
708 3824 744 3874 ut
809 3800 899 3889 istie,
953 3800 1018 3873 uod
1031 3807 1138 3894 ajunt,
1168 3797 1416 3874 iiianilsimorum
1428 3799 1601 3881 studiorum

277 3896 510 3989 oblectamentis
523 3903 557 3972 iii
571 3902 669 3972 aulam
676 3926 728 3972 me
742 3924 872 3997 quoquo
886 3925 920 3970 m
962 3897 1162 3970 oeirtiudnnt.
1191 3898 1252 3972 Sed
1264 3923 1373 3995 parum
1385 3925 1437 3972 me
1451 3923 1600 3977 movent:

277 3995 627 4070 imtnimconstitutum
640 3995 684 4069 est
698 3993 803 4086 milii,
832 4020 994 4093 nimquam
1005 3991 1092 4066 hasce
1114 3993 1337 4095 qualescunque
1348 3998 1496 4087 litemlas,
1518 4000 1604 4073 altri·

62 4156 68 4170 ,
176 4146 185 4153 -
279 4115 330 4165 cet
342 4091 649 4182 adolescentiaemeae,
671 4089 889 4204 nisicumipsa
900 4094 979 4178 vita,
992 4090 1157 4190 deponere.
1205 4093 1294 4165 nnio
1309 4092 1602 4193 cujusmodicunquc

278 4186 417 4279 ἐνιαυσίῃ
429 4197 533 4277 pose
546 4187 650 4262 Mnsn
661 4186 739 4263 mihi
752 4216 835 4263 meat
847 4186 974 4261 illibatas
984 4187 1082 4260 adhuc
1095 4210 1187 4302 atque
1200 4193 1332 4286 integras
1340 4190 1417 4279 else,
1433 4217 1528 4290 quam
1540 4195 1601 4265 ini·

275 4306 409 4361 matrim
419 4285 546 4399 arbitriis
558 4284 727 4402 &libidini
742 4282 1039 4400 conuptilsimontin
1058 4282 1225 4360 hominurn
1235 4288 1360 4398 locare
1391 4287 1605 4458 Qodnpgitur

274 4378 429 4551 superest,
442 4379 503 4459 nist
515 4384 602 4480 plane
617 4408 707 4460 omni
720 4379 772 4483 spe
785 4381 973 4473 excidimur,
992 4398 1076 4481 rogo
1094 4403 1128 4552 tce
1142 4403 1179 4579 qt
1193 4382 1280 4484 quod
1292 4378 1418 4482 cepisti,
1436 4407 1478 4531 co
1524 4408 1600 4551 cap,
