4067 5425
466 310 608 428 3³15¹
681 320 1097 397 Curiis-ET
1138 314 1566 394 Doerrsiru.

466 453 519 523 Eli
541 449 671 522 andum:
696 474 732 520 ex
745 445 882 545 Epistola
893 438 1038 538 Elipandi
1050 437 1347 512 adsedem-Romae
1360 436 1592 513 tnnfisltntemt
1614 446 1650 516 u
1661 467 1680 517 e
1693 448 1787 525 Con·-

466 544 489 618 s
525 573 597 619 rone
617 544 689 617 fidei
705 544 784 616 edita
795 572 812 615 a
824 540 924 613 Pelice
939 538 1149 636 Aquisgrani,
1163 534 1325 635 postquam
1341 539 1375 607 in
1386 536 1514 634 Syriodo
1523 540 1666 615 Romana
1681 569 1791 625 cmm,

466 645 575 716 Leone
584 638 753 728 Pontifice,
768 639 813 710 ibi
829 632 1024 736 praesentibus
1039 656 1127 704 uvir
1143 629 1304 731 Epistopis
1320 630 1405 706 eausa
1419 640 1483 726 ejus
1501 637 1661 725 ventilata,
1686 649 1720 714 ει
1736 671 1785 716 re.

425 762 429 778 ¹
466 739 595 838 probata
616 736 731 813 firilsctt:
756 761 816 833 qua
856 731 996 804 rofitetur
1009 730 1040 801 se
1054 750 1123 800 toto
1137 730 1246 815 corde,
1271 755 1338 801 non
1374 730 1487 802 ilalibet
1499 731 1709 825 simulatione,
1732 736 1785 812 seu

466 839 621 907 velamine
641 830 796 920 salsitatis,
832 852 895 901 icut
911 828 1048 915 dudum,
1071 830 1181 898 reuerti
1201 826 1239 899 ad
1257 828 1332 898 Ectl
1362 854 1442 914 ram,
1467 829 1551 902 unde
1566 854 1649 902 error
1660 834 1785 908 Adonis

469 936 593 1004 Vienna
617 937 651 1002 δι
688 931 721 998 ui
734 954 806 999 eum
825 927 960 1026 sequitur
972 926 1119 995 Mariana
1132 926 1152 994 l.
1168 946 1200 1008 7.
1216 925 1291 994 Rer.
1308 922 1396 1020 Hisp.
1410 949 1437 995 e.
1455 926 1486 995 8.
1510 928 1645 998 Felicem
1661 934 1782 1004 Parrum

467 1024 616 1100 sententia
638 956 805 1123 relegatum
822 1023 1026 1121 Lugdunum,
1051 1019 1159 1133 ibique
1172 1046 1333 1133 nunquam
1347 1046 1446 1092 errore
1457 1021 1596 1133 deposito
1612 1046 1786 1103 extremm

467 1126 537 1196 vitae
552 1124 638 1196 diern
651 1118 772 1209 obiisse,
797 1124 939 1218 arguitur.
987 1116 1046 1190 ista
1060 1114 1169 1212 scripta
1177 1119 1330 1188 Alcumus
1342 1143 1407 1189 uno
1422 1116 1562 1190 fasciculo
1573 1121 1784 1216 comprehen.

468 1219 514 1308 sa,
538 1245 580 1292 ne
592 1218 674 1292 sorte
687 1214 781 1317 sparsa
789 1220 1010 1298 amitterentur,
1036 1211 1193 1309 Episcopis
1208 1215 1781 1313 aliquotinGallianimpartibustrms-
1807 1280 1813 1293 ,

468 1316 577 1405 mifit,
608 1323 642 1387 dc
667 1337 751 1414 parte
778 1310 907 1385 secunda
927 1335 1057 1406 operum
1076 1311 1204 1380 Aletrini
1225 1333 1243 1380 e
1264 1309 1332 1380 cod.
1352 1309 1421 1380 Mis
1443 1315 1474 1381 S.
1494 1313 1599 1383 Maria
1620 1314 1782 1388 Remeusrs

467 1412 564 1485 edidit
585 1411 724 1485 Andreas
736 1417 946 1504 Qiercctanus
958 1411 1080 1477 Turon.
1129 1407 1291 1476 Lutetiaea
1333 1404 1479 1478 dSebast.
1495 1405 1698 1481 Cramoisum.
1713 1418 1779 1485 Ao.

471 1513 574 1594 1617.
589 1534 656 1609 quae
672 1506 808 1604 srlegere
818 1532 885 1578 non
897 1502 1021 1590 taedeat,
1046 1502 1159 1573 utenda
1172 1501 1263 1573 dabo.
1328 1502 1372 1574 ihi
1387 1524 1467 1574 certe
1473 1505 1640 1602 plurimum
1652 1506 1781 1604 prosue-

469 1632 503 1679 re
526 1609 560 1677 in
579 1604 670 1706 gestis
682 1606 804 1675 illorum
818 1625 995 1697 tempotum
1007 1598 1195 1695 digerendis,
1219 1602 1333 1696 inquo
1347 1604 1475 1698 negotio
1488 1602 1602 1673 defecit
1613 1604 1777 1694 Batonius,

467 1730 525 1871 qur
546 1728 585 1800 pe
606 1704 662 1801 qui
681 1698 745 1771 istis
761 1696 967 1770 instrumentis
980 1697 1096 1808 camir:
1121 1695 1207 1808 quod
1229 1691 1359 1809 ostendo
1374 1700 1409 1766 iii
1421 1695 1635 1810 supplemento
1648 1701 1780 1776 Exercit.

417 1872 420 1877 ,
533 1798 601 1872 arib.
613 1799 651 1870 ad
666 1802 752 1866 Ann.
767 1791 879 1866 Eccles
893 1792 1083 1863 Cardinalis:
1108 1795 1269 1862 Nimirum
1278 1792 1579 1892 Peliergellrtanus
1592 1799 1781 1896 inVergeti.

468 1895 527 1968 biis
546 1893 732 1991 Episcopus,
755 1887 918 1989 postquam
936 1893 1001 1960 Ao·
1018 1912 1097 1978 792.
1113 1892 1146 1957 in
1162 1888 1289 1982 sinodo
1304 1888 1536 1979 Ratisbonensi,
1560 1896 1612 1963 eui
1624 1897 1659 1963 dt
1679 1898 1780 1968 Pauli-

313 2068 314 2077 ,
469 2019 528 2065 nus
544 1986 747 2089 Aquileiensis
760 1984 949 2073 Patriarcha,
976 1984 1051 2056 teste
1070 1983 1137 2081 ipso
1148 1980 1202 2053 lib.
1221 2008 1248 2054 r.
1264 1983 1458 2073 interfuerat,
1481 1991 1640 2060 convietus
1651 1987 1779 2065 finmde
1889 1980 1896 1992 .

469 2089 635 2192 Adoptivo
650 2086 850 2192 opinionem,
873 2081 1058 2155 sacramento
1082 2079 1260 2176 interposito
1273 2089 1306 2152 δι
1320 2084 1406 2154 radis
1426 2081 1614 2156 saerosansiis
1635 2088 1664 2157 E
1762 2131 1780 2145 ·

466 2188 532 2274 liis,
557 2184 720 2273 abjecisset,
745 2183 943 2278 Romamque
961 2177 1000 2249 ab
1024 2176 1218 2275 nngelberto
1240 2177 1363 2250 Abbate
1386 2183 1416 2249 S.
1436 2178 1663 2252 RicliariiinC
1765 2240 1778 2273 ,

468 2282 578 2353 Caroli
588 2283 635 2349 M.
673 2302 766 2349 enero
777 2276 940 2364 dedusius,
965 2274 1066 2346 eidem
1081 2300 1183 2346 coram
1197 2274 1338 2347 Adriano
1352 2283 1387 2348 P.
1403 2276 1450 2346 M.
1465 2278 1678 2364 renunciasset,
1703 2284 1778 2353 Alc.

481 2431 489 2446 .
509 2400 539 2452 1.
559 2376 634 2448 adve
662 2429 669 2443 .
694 2374 776 2471 Elip.
798 2372 970 2444 Adliclmus
983 2369 1151 2469 Rhegino,
1176 2397 1247 2442 arui.
1265 2372 1351 2445 Fiild
1364 2368 1419 2443 sub
1432 2398 1502 2444 ann.
1518 2395 1595 2462 792.
1611 2380 1645 2444 dt
1657 2376 1779 2448 Iudices

468 2492 570 2544 reruni
589 2473 628 2543 ab
646 2476 800 2567 Arragon.
822 2471 902 2567 Reg.
923 2468 999 2566 gest.
1023 2468 1076 2539 lib.
1104 2494 1132 2539 i.
1149 2468 1187 2541 ad
1200 2464 1268 2539 suos
1282 2466 1429 2557 reversus,
1453 2468 1613 2566 instigante
1626 2470 1778 2568 Elipnndo

468 2569 609 2641 Ecclesiae
629 2571 787 2639 Toletanae
800 2562 1060 2665 Archiepiseopo,
1082 2562 1210 2637 eandem
1231 2567 1340 2636 iterum
1361 2564 1498 2662 profiteri
1520 2570 1617 2663 coepit
1640 2621 1651 2653 ,
1679 2571 1781 2665 plures

468 2666 507 2739 ad
529 2663 659 2739 diversos
679 2664 772 2739 eade
793 2689 826 2736 re
845 2666 969 2735 mittens
983 2662 1137 2761 epistolas,
1161 2670 1194 2734 δι
1207 2685 1279 2733 cum
1292 2659 1330 2732 ab
1344 2663 1505 2751 alcuino,¹
1522 2666 1777 2761 nuperaCarolo
1898 2747 1902 2754 ,

470 2763 520 2836 Μ.
535 2790 573 2835 ex
588 2765 702 2862 Anglii
721 2764 754 2830 in
766 2765 922 2832 Franciam
935 2783 1064 2846 vocato,
1087 2758 1240 2856 recepisset
1252 2756 1487 2831 exhortatoriam
1499 2759 1538 2832 ad
1548 2759 1661 2851 fidem,
1685 2766 1780 2860 cipe.-

470 2862 575 2931 culiari
594 2858 700 2930 libello
714 2858 831 2953 prolixe
842 2855 1011 2954 respondit,
1026 2863 1068 2938 ,u
1082 2855 1137 2926 sua
1147 2877 1299 2966 quartum
1313 2859 1415 2952 potuit
1425 2861 1638 2955 propugnavit.
1687 2861 1793 2931 Hanc,

471 2962 535 3046 ejus
553 2954 713 3053 perfidiam
731 2955 873 3023 Paulinus
888 2954 996 3050 Aquil.
1016 2958 1051 3022 ἃ
1072 2953 1224 3023 Alcumiis
1236 2950 1373 3022 insesiati
1383 2950 1469 3036 sunt,
1494 2964 1527 3025 dt
1541 2953 1679 3026 libellum
1696 2962 1772 3046 ejus,

469 3052 522 3122 ille
534 3050 659 3149 quidem
673 3046 769 3132 tribus
783 3103 793 3135 ,
821 3048 872 3118 hic
886 3074 961 3119 vero
970 3046 1085 3145 septem
1104 3046 1188 3119 libris
1200 3047 1349 3145 oppositis
1360 3046 1538 3121 msutarunt
1586 3048 1653 3122 Istis
1662 3052 1780 3122 Catlro

469 3148 602 3218 litorum
616 3145 731 3243 scriptis
744 3139 894 3242 persuasus
905 3152 939 3216 δι
958 3143 1150 3243 acquiescens
1162 3146 1260 3230 Felix,
1284 3143 1470 3216 &decisioni
1482 3149 1646 3217 Parrumin
1655 3148 1779 3242 Synodo

471 3243 568 3312 Rom.
588 3241 643 3312 sub
669 3248 776 3312 Leone
802 3248 892 3312 Pom.
913 3263 1094 3340 congregata
1109 3241 1196 3338 super
1208 3247 1272 3331 ejus
1284 3238 1425 3338 epistola,
1450 3267 1544 3339 quam
1556 3242 1594 3313 ad
1609 3244 1780 3316 Alcuinum

471 3335 581 3410 Abbas
595 3344 624 3411 S.
640 3339 769 3410 Martini
777 3335 984 3425 Turonensis,
1010 3340 1140 3408 Carolus
1151 3358 1253 3407 autem
1260 3337 1397 3407 Romam
1403 3337 1565 3424 direxerat,
1580 3335 1682 3426 faeie,
1696 3342 1783 3413 venit

471 3432 762 3534 adnquisgranense
770 3435 936 3519 Palatium,
959 3434 1068 3505 auditis
1082 3459 1185 3505 eoram
1197 3435 1286 3531 Rege
1293 3432 1544 3530 Optimatibus&
1555 3435 1781 3526 Sacerdotibus,

471 3525 1781 3722 iillffiimilsslssllsslliitfflilffiilsi‘ffiiiiii?
1789 3581 1794 3596 ‘

495 3727 565 3808 ulle,
589 3729 653 3822 qui*
666 3722 711 3794 ibi
733 3745 800 3794 tum
821 3718 977 3818 presentes
997 3745 1091 3794 erant.
1139 3730 1185 3793 lta
1201 3722 1306 3792 Paulin
1318 3724 1339 3791 l.
1360 3747 1388 3792 1.
1402 3743 1507 3794 contra
1521 3726 1613 3795 Felie.
1630 3727 1781 3798 Alcuinua

472 3749 526 3890 lib.
554 3843 582 3889 1.
604 3828 638 3891 &
652 3846 681 3890 2.
694 3818 760 3889 adv.
773 3819 854 3914 Elip.
870 3824 975 3890 Autor
986 3822 1055 3889 vitae
1069 3823 1094 3889 Β
1109 3820 1256 3903 Alcuini,
1280 3816 1412 3889 dictante
1420 3816 1540 3916 Sigilso
1554 3822 1681 3892 Alcuini
1693 3819 1782 3896 disci-

495 3915 548 3985 ulo
560 3922 594 3984 δι
609 3912 750 3986 familiari
761 3918 892 4000 intimo,
916 3913 1047 4013 scripta,
1071 3939 1204 4012 repertus
1218 3912 1370 4005 aJacobo
1383 3917 1548 4004 Sitmondo
1571 3935 1602 3999 §-
1617 3941 1645 3988 1.
1658 3924 1692 3988 δι
1712 3920 1782 4016 post

473 3939 558 4082 lunc
572 4006 670 4080 editus
684 4010 723 4081 ab'
734 4011 819 4084 And.
834 4017 1046 4094 Quercetano,
1071 4009 1202 4084 faciente
1213 4012 1523 4108 imprimisrllciiino,
1532 4016 1588 4112 qui
1594 4011 1785 4088 detonuerso

472 4105 523 4179 lua
536 4104 727 4208 potissumum
740 4131 833 4219 opera
842 4108 942 4177 Felice
958 4110 1104 4221 gloriatur
1116 4161 1126 4195 ,
1150 4107 1271 4205 ejusque
1287 4110 1460 4276 exemplum
1471 4110 1623 4223 Elipando
1635 4109 1783 4202 objicits.

423 4239 427 4246 ’
475 4198 1131 4372 ii³is⁹³sili⁹lslll³diiflii¹l⁸
1147 4201 1784 4395 siiiisiiiaiimuiiiaishiiii

474 4325 677 4472 animetur
700 4325 1078 4495 Adirisgraniimiocatiis
1096 4326 1274 4483 aipcarolo,
1296 4391 1353 4467 sub
1370 4355 1454 4490 eujus
1474 4396 1600 4473 ditione
1614 4421 1787 4474 temerant
1861 4457 1867 4461 a

1692 4518 1803 4599 erepta.
