4067 5425
522 301 867 380 Vrrtortuu
915 307 1310 382 Errsr'ouru.
1413 378 1417 386 ,
1511 330 1581 410 293

264 436 412 534 Belgica,
435 431 470 500 in
483 452 550 527 quo
562 430 658 500 multa
671 428 709 500 ad
723 429 955 504 deleelationem
968 430 1080 504 eruditi
1091 432 1224 503 teucris
1248 431 1333 505 Lites
1340 429 1391 506 l'eu
1397 436 1501 532 potius
1506 414 1598 509 veli!

261 523 579 619 tadtmculamhabuit
592 550 664 596 cum
682 528 735 597 cl.
748 535 909 618 Pontano,
932 532 989 629 qui
1003 553 1075 601 cum
1088 552 1186 625 nuper
1196 529 1313 626 aliquid
1324 531 1584 629 lcnpleritinlau-

262 625 315 697 des
324 621 581 708 Amstelrodami,
594 624 641 696 D.
649 627 791 697 Suettius
804 653 871 698 non
884 651 938 722 per
949 627 1056 697 omnia
1067 622 1211 696 allenium
1219 625 1351 721 praebere
1356 628 1468 715 voluit,
1487 629 1583 702 adeo-

264 747 327 818 que
349 719 484 791 laudibus
507 716 569 788 istis
590 718 716 816 publico
733 717 844 820 scripto
860 725 995 793 multum
1007 721 1149 808 detraxit,
1176 718 1393 818 cuirelpondit
1404 724 1520 797 erudite
1534 730 1582 799 D.

264 825 430 889 Pontanus.
455 817 623 912 Optimum
638 813 742 887 senem
755 826 790 890 P.
798 818 958 890 Andream
971 817 1133 889 Schottum
1149 822 1257 887 iterato
1274 844 1340 888 non
1349 821 1463 891 inveni.
1487 822 1586 895 Obiit

264 916 351 983 enim
361 932 430 982 ante
443 912 561 1008 aliquot
576 910 694 983 menses
709 938 782 986 cum
797 918 934 987 maximo
947 914 1055 986 dolore
1069 915 1206 999 illorum,
1232 911 1345 1010 quibus
1358 918 1415 985 viri
1422 918 1585 1017 illistapto·

263 1007 355 1095 bitae,
378 1007 491 1079 candor
505 1014 538 1076 dt
553 1009 800 1105 propenlisfimus
810 1016 932 1083 animus
946 1036 1019 1108 erga
1033 1013 1145 1081 litteras
1159 1032 1235 1080 nota
1248 1007 1343 1081 fuere.
1369 1010 1395 1060 'l
1410 1011 1446 1081 a·
1461 1027 1464 1033 ’

309 1103 433 1176 Dabam
445 1104 622 1202 Andegaevi
633 1105 668 1175 in
684 1106 797 1178 Galliis
810 1109 1082 1202 utJuniiJuliani
1095 1130 1153 1178 cto
1172 1130 1226 1177 ωε
1239 1129 1330 1177 xxlx.

520 1222 972 1341 geniatum
1020 1224 1242 1296 ccxxix.
1512 1241 1514 1246 ·

252 1344 602 1471 Jonurst
672 1346 1340 1441 Kiucumnuuo.
1413 1355 1452 1445 s.
1515 1360 1575 1450 o.

767 1506 916 1602 Georgius
930 1502 1082 1572 Calixtus.

299 1599 440 1658 tuleram.

349 1669 509 1746 Lariffime
528 1674 561 1739 &
584 1666 780 1741 emditiffitne
792 1675 854 1760 vir,
879 1675 1023 1744 Domine
1034 1677 1068 1742 δι
1082 1675 1198 1746 Amice
1211 1670 1400 1744 honorande.
1448 1675 1496 1744 Ex
1509 1700 1577 1771 quo

350 1767 539 1842 doetissmos
552 1786 623 1835 tuos
634 1765 673 1836 de
683 1770 803 1839 Funere
814 1771 961 1840 Romano
972 1769 1067 1840 libros
1082 1771 1185 1842 videre
1197 1769 1302 1841 datum
1316 1766 1378 1853 est,
1401 1768 1488 1866 quod
1502 1772 1579 1841 ado-

258 1865 383 1937 lescenti
396 1886 466 1935 ante
480 1887 576 1932 annos
590 1859 646 1931 nifi
659 1858 747 1934 fallor
757 1891 816 1935 xxx
830 1868 980 1963 contigit,
1004 1890 1103 1936 amare
1118 1865 1262 1965 equidem
1277 1878 1308 1936 te
1322 1867 1451 1962 coepi&
1467 1868 1576 1938 colere.

260 1965 483 2034 Dexteritarem
496 1984 563 2030 eam
573 1959 679 2050 judicii
693 1984 765 2030 cum
781 1965 945 2059 multiplici
957 1963 1090 2037 lenione
1100 1964 1295 2051 conjunelam
1310 1958 1440 2033 mirabar
1453 1967 1487 2030 δι
1503 1989 1579 2033 exo-

265 2057 405 2131 itulabat.
413 2053 618 2129 Occasionem
626 2078 727 2126 autem
740 2056 815 2127 adte
828 2055 993 2143 scribendi,
1017 2054 1122 2129 nescio
1131 2057 1296 2158 quomodo
1305 2057 1355 2129 vel
1360 2055 1505 2128 haetenus
1513 2055 1581 2128 for-

261 2177 336 2226 tuna
352 2155 510 2238 inviderit,
534 2151 584 2221 vel
596 2175 657 2248 ego
671 2152 841 2224 emanibus
853 2154 932 2226 elabi
945 2151 1044 2251 pallus
1055 2149 1178 2226 fuerim
1203 2155 1443 2251 Nuncinpatria
1450 2152 1577 2251 degenti

259 2248 463 2324 netessitatetn
489 2246 722 2346 quodammodo
744 2253 878 2349 imponit
900 2276 1021 2322 meuse
1037 2252 1175 2348 proxima
1186 2252 1299 2323 vicinia
1312 2250 1482 2347 popularis,
1505 2257 1581 2322 &a

149 2394 155 2403 ·
280 2350 355 2419 rima
377 2369 461 2418 atate
481 2347 613 2425 amitus,
639 2347 691 2414 cui
712 2343 910 2417 filiusschoue
922 2344 1025 2418 vestra
1038 2349 1192 2434 alunmus,
1218 2349 1347 2417 nomine
1366 2349 1462 2418 Titus
1477 2345 1576 2418 Chri·

258 2375 383 2515 ilianus.
433 2444 514 2538 Quis
528 2440 663 2510 hominis
677 2443 710 2509 iu
723 2436 816 2512 bonis
827 2444 921 2514 literis
934 2442 1105 2540 prosedas,
1129 2469 1181 2514 me
1195 2440 1369 2540 senelirgit:
1392 2441 1577 2518 laudabilem

261 2541 359 2611 eliz&
368 2538 455 2637 spero
469 2544 600 2633 &opto
650 2544 762 2607 Parens
774 2557 875 2610 autem
889 2537 994 2611 studiis
1003 2536 1061 2609 filii
1071 2536 1267 2636 profuturum
1283 2534 1477 2625 existimavit,
1502 2538 1525 2611 st
1539 2566 1577 2611 ea

259 2636 318 2707 tibi
331 2639 434 2733 paucis
445 2632 546 2706 verbis
559 2631 817 2704 commendarem
922 2633 965 2726 od
978 2636 1074 2706 veteri
1085 2641 1120 2705 δι
1131 2632 1271 2705 officioso
1284 2635 1388 2704 amico
1402 2647 1502 2733 atque'
1514 2661 1577 2735 po-

281 2737 356 2804 ulari
371 2732 519 2829 denegare
530 2756 630 2828 neque
645 2731 729 2800 volui
743 2757 845 2829 neque
859 2731 898 2804 de
921 2735 962 2803 ui.
988 2732 1091 2802 Nolui
1104 2734 1208 2830 itaque
1223 2733 1270 2802 te'
1315 2754 1419 2816 orare,
1441 2757 1507 2802 rem
1514 2736 1577 2803 mi-
1656 2725 1659 2736 ¹

309 2826 508 2926 gratiffimam
520 2823 603 2912 fore,
629 2824 844 2900 fiadolescemi
860 2853 926 2928 quo
939 2849 1027 2926 potes
1038 2829 1129 2925 pasto
1142 2852 1247 2899 comm
1326 2881 1337 2914 ,
1361 2832 1396 2896 &
1412 2823 1578 2917 studiaejus

260 2925 319 2997 tibi
341 2922 553 2996 commendata
575 2921 689 2995 mboes
720 2925 834 3016 Qtod,
854 2951 920 3023 qua
935 2951 966 2995 es
983 2925 1144 3011 comitate,
1169 2921 1284 2995 etiarnsi
1297 2944 1349 2994 tua
1361 2920 1469 3019 sponte
1480 2945 1511 2993 te
1526 2919 1576 2994 fa-

261 3024 382 3093 dlunun
400 3022 500 3091 nullus
512 3017 667 3105 dubitem,
693 3016 832 3093 fiumen
842 3020 959 3119 aliquid
973 3023 1126 3093 momenti
1140 3018 1186 3091 hae
1199 3023 1291 3092 literae
1307 3018 1493 3105 addiderint,
1517 3045 1578 3091 ne-

260 3144 322 3218 que
344 3143 451 3216 parens
472 3114 523 3212 spe
540 3112 590 3185 sua
603 3111 805 3204 fraudabitur,
831 3141 888 3188 nec
901 3142 962 3216 ego
976 3143 1084 3215 parum
1097 3115 1157 3187 tibi
1168 3115 1299 3188 debebo.
1345 3117 1487 3187 Praeclare
1497 3142 1578 3189 -vero

261 3241 332 3288 curn
352 3215 392 3287 de
413 3232 538 3312 parente
556 3234 626 3324 tum
646 3209 766 3322 delibo
778 3213 959 3302 mereberis,
983 3211 1094 3285 fihuic
1107 3223 1162 3312 pet
1178 3236 1212 3284 te
1224 3210 1503 3327 gramitohospitio
1511 3211 1575 3286 frui

259 3308 1042 3501 {ffllriillfqiillrldlldi
1053 3305 1577 3479 bliallmllllllssiliii
1688 3371 1691 3377 ’

261 3507 324 3575 mia
335 3501 483 3574 beneficti
494 3503 586 3586 velis,
609 3520 699 3569 tuum
710 3500 964 3602 eritfignificare,
989 3528 1096 3576 meum
1108 3504 1381 3574 nevoluntatituae
1395 3498 1580 3596 desrmope-

261 3627 326 3672 ram
337 3598 414 3671 date.
461 3594 739 3694 ValeFlensbtugi‚
818 3597 917 3672 bridio
931 3601 1002 3671 Kal.
1036 3602 1187 3684 annarias,
1204 3599 1339 3669 ineuntis
1349 3599 1423 3667 anni
1435 3615 1495 3666 tro.
1506 3618 1575 3667 mc.
1655 3603 1660 3612 '

262 3723 361 3782 xxxv,
385 3721 479 3863 puem
491 3691 551 3764 tibi
563 3689 687 3763 felicem
699 3701 732 3764 δι
761 3692 898 3781 austum,
923 3695 999 3770 nob'
1012 3722 1075 3797 que
1087 3692 1234 3769 aturribus
1247 3690 1407 3767 falsitatem
1423 3696 1457 3762 dt
1468 3689 1578 3764 tanto--
1617 3729 1624 3741 ι

241 3784 893 3909 ἄρεκάειάααωραείεῑεωεεωαορω,
