<?xml version="1.0" encoding="UTF-8"?>
<!DOCTYPE html PUBLIC "-//W3C//DTD XHTML 1.0 Transitional//EN"
    "http://www.w3.org/TR/xhtml1/DTD/xhtml1-transitional.dtd">
<html xmlns="http://www.w3.org/1999/xhtml" xml:lang="en" lang="en">
 <head>
  <title>
</title>
<meta http-equiv="Content-Type" content="text/html;charset=utf-8" />
  <meta name='ocr-system' content='tesseract 3.04.00' />
  <meta name='ocr-capabilities' content='ocr_page ocr_carea ocr_par ocr_line ocrx_word'/>
</head>
<body>
  <div class='ocr_page' id='page_1' title='image "./marquardigudiie00burmgoog_0526.png"; bbox 0 0 4067 5425; ppageno 0'>
   <div class='ocr_carea' id='block_1_1' title="bbox 253 286 1573 505">
    <p class='ocr_par' dir='ltr' id='par_1_1' title="bbox 253 286 1573 505">
     <span class='ocr_line' id='line_1_1' title="bbox 407 286 1570 397; baseline 0.005 -35"><span class='ocrx_word' id='word_1_1' title='bbox 407 392 411 397; x_wconf 78' lang='lat'>.</span> <span class='ocrx_word' id='word_1_2' title='bbox 614 290 718 362; x_wconf 72' lang='grc' dir='ltr'>Μ</span> <span class='ocrx_word' id='word_1_3' title='bbox 765 294 782 362; x_wconf 92' lang='grc'>1</span> <span class='ocrx_word' id='word_1_4' title='bbox 831 291 855 360; x_wconf 84' lang='lat' dir='ltr'>s</span> <span class='ocrx_word' id='word_1_5' title='bbox 902 289 938 360; x_wconf 82' lang='grc' dir='ltr'>τ</span> <span class='ocrx_word' id='word_1_6' title='bbox 986 286 1022 360; x_wconf 93' lang='lat'>0</span> <span class='ocrx_word' id='word_1_7' title='bbox 1069 292 1098 361; x_wconf 83' lang='lat' dir='ltr'>n</span> <span class='ocrx_word' id='word_1_8' title='bbox 1145 295 1196 360; x_wconf 73' lang='lat' dir='ltr'>n</span> <span class='ocrx_word' id='word_1_9' title='bbox 1528 299 1570 393; x_wconf 72' lang='lat' dir='ltr'>a,</span> 
     </span>
     <span class='ocr_line' id='line_1_2' title="bbox 253 403 1573 505; baseline -0.005 -20"><span class='ocrx_word' id='word_1_10' title='bbox 253 406 479 501; x_wconf 67' lang='lat' dir='ltr'>iliaelirresjam</span> <span class='ocrx_word' id='word_1_11' title='bbox 495 407 603 479; x_wconf 83' lang='lat' dir='ltr'>videor</span> <span class='ocrx_word' id='word_1_12' title='bbox 612 403 810 503; x_wconf 70' lang='lat' dir='ltr'>trangressus,</span> <span class='ocrx_word' id='word_1_13' title='bbox 833 407 974 503; x_wconf 80' lang='lat' dir='ltr'><strong>gnaviter</strong></span> <span class='ocrx_word' id='word_1_14' title='bbox 984 428 1039 477; x_wconf 87' lang='lat' dir='ltr'>ero</span> <span class='ocrx_word' id='word_1_15' title='bbox 1051 404 1224 502; x_wconf 88' lang='lat' dir='ltr'>impudens.</span> <span class='ocrx_word' id='word_1_16' title='bbox 1247 410 1365 476; x_wconf 84' lang='lat' dir='ltr'>Interea</span> <span class='ocrx_word' id='word_1_17' title='bbox 1392 414 1573 505; x_wconf 72' lang='lat' dir='ltr'>agograties</span> 
     </span>
    </p>
   </div>
   <div class='ocr_carea' id='block_1_2' title="bbox 122 499 1571 617">
    <p class='ocr_par' dir='ltr' id='par_1_2' title="bbox 122 499 1571 617">
     <span class='ocr_line' id='line_1_3' title="bbox 122 499 1571 617; baseline 0.01 -54"><span class='ocrx_word' id='word_1_18' title='bbox 122 556 125 563; x_wconf 91' lang='lat'>.</span> <span class='ocrx_word' id='word_1_19' title='bbox 255 527 406 603; x_wconf 70' lang='lat' dir='ltr'>quanmm</span> <span class='ocrx_word' id='word_1_20' title='bbox 421 499 540 617; x_wconf 67' lang='lat' dir='ltr'>polium</span> <span class='ocrx_word' id='word_1_21' title='bbox 557 506 727 587; x_wconf 84' lang='lat' dir='ltr'>maximas,</span> <span class='ocrx_word' id='word_1_22' title='bbox 853 527 891 573; x_wconf 87' lang='lat' dir='ltr'>ue</span> <span class='ocrx_word' id='word_1_23' title='bbox 905 500 1008 573; x_wconf 83' lang='lat' dir='ltr'>credas</span> <span class='ocrx_word' id='word_1_24' title='bbox 1020 525 1071 572; x_wconf 89' lang='lat' dir='ltr'>me</span> <span class='ocrx_word' id='word_1_25' title='bbox 1085 499 1456 575; x_wconf 81' lang='lat' dir='ltr'>hiscemisbeneficiisut</span> <span class='ocrx_word' id='word_1_26' title='bbox 1471 510 1571 602; x_wconf 86' lang='lat' dir='ltr'>impa-</span> 
     </span>
    </p>
   </div>
   <div class='ocr_carea' id='block_1_3' title="bbox 198 594 1651 1180">
    <p class='ocr_par' dir='ltr' id='par_1_3' title="bbox 198 594 1649 889">
     <span class='ocr_line' id='line_1_4' title="bbox 252 594 1649 698; baseline 0.001 -27"><span class='ocrx_word' id='word_1_27' title='bbox 252 626 319 673; x_wconf 85' lang='lat' dir='ltr'>rem</span> <span class='ocrx_word' id='word_1_28' title='bbox 342 599 545 697; x_wconf 82' lang='lat' dir='ltr'>repensandu,</span> <span class='ocrx_word' id='word_1_29' title='bbox 570 601 613 668; x_wconf 87' lang='lat' dir='ltr'>ita</span> <span class='ocrx_word' id='word_1_30' title='bbox 630 594 781 698; x_wconf 78' lang='lat' dir='ltr'>agnbscen</span> <span class='ocrx_word' id='word_1_31' title='bbox 804 604 827 671; x_wconf 89' lang='lat' dir='ltr'>is</span> <span class='ocrx_word' id='word_1_32' title='bbox 844 596 1101 698; x_wconf 73' lang='lat' dir='ltr'>praedicandisque</span> <span class='ocrx_word' id='word_1_33' title='bbox 1119 595 1238 694; x_wconf 81' lang='lat' dir='ltr'>semper</span> <span class='ocrx_word' id='word_1_34' title='bbox 1258 597 1327 673; x_wconf 74' lang='lat' dir='ltr'>fo&#39;re</span> <span class='ocrx_word' id='word_1_35' title='bbox 1410 599 1568 673; x_wconf 82' lang='lat' dir='ltr'>tilsnnum</span> <span class='ocrx_word' id='word_1_36' title='bbox 1645 602 1649 611; x_wconf 70' lang='grc'><strong><em>’</em></strong></span> 
     </span>
     <span class='ocr_line' id='line_1_5' title="bbox 255 692 1568 795; baseline 0 -25"><span class='ocrx_word' id='word_1_37' title='bbox 255 699 399 770; x_wconf 84' lang='lat' dir='ltr'>Proxime</span> <span class='ocrx_word' id='word_1_38' title='bbox 418 694 518 795; x_wconf 82' lang='lat' dir='ltr'>scripsi</span> <span class='ocrx_word' id='word_1_39' title='bbox 531 697 665 794; x_wconf 75' lang='lat' dir='ltr'>querelas</span> <span class='ocrx_word' id='word_1_40' title='bbox 679 694 774 768; x_wconf 86' lang='lat' dir='ltr'>Theo</span> <span class='ocrx_word' id='word_1_41' title='bbox 850 692 1107 767; x_wconf 82' lang='lat' dir='ltr'>rumnolirorum</span> <span class='ocrx_word' id='word_1_42' title='bbox 1121 692 1209 791; x_wconf 92' lang='lat' dir='ltr'>super</span> <span class='ocrx_word' id='word_1_43' title='bbox 1222 692 1316 767; x_wconf 87' lang='lat' dir='ltr'>Profe</span> <span class='ocrx_word' id='word_1_44' title='bbox 1359 699 1400 766; x_wconf 90' lang='lat' dir='ltr'>ris</span> <span class='ocrx_word' id='word_1_45' title='bbox 1412 697 1568 770; x_wconf 81' lang='lat' dir='ltr'>Germani</span> 
     </span>
     <span class='ocr_line' id='line_1_6' title="bbox 198 787 1569 889; baseline 0.001 -25"><span class='ocrx_word' id='word_1_46' title='bbox 198 822 203 831; x_wconf 54' lang='lat'><em>¹</em></span> <span class='ocrx_word' id='word_1_47' title='bbox 255 787 605 866; x_wconf 82' lang='lat' dir='ltr'>deGratiaUniuersali</span> <span class='ocrx_word' id='word_1_48' title='bbox 616 790 761 864; x_wconf 76' lang='lat' dir='ltr'>thesibus:</span> <span class='ocrx_word' id='word_1_49' title='bbox 787 796 794 812; x_wconf 85' lang='lat'><strong><em>‘</em></strong></span> <span class='ocrx_word' id='word_1_50' title='bbox 820 796 856 864; x_wconf 85' lang='lat' dir='ltr'>‘i</span> <span class='ocrx_word' id='word_1_51' title='bbox 879 791 997 863; x_wconf 81' lang='lat' dir='ltr'>srame</span> <span class='ocrx_word' id='word_1_52' title='bbox 1064 793 1569 889; x_wconf 76' lang='lat' dir='ltr'>‘tant,urearumexemplaruan-</span> 
     </span>
    </p>

    <p class='ocr_par' dir='ltr' id='par_1_4' title="bbox 255 884 1651 1180">
     <span class='ocr_line' id='line_1_7' title="bbox 258 884 1570 988; baseline -0.001 -26"><span class='ocrx_word' id='word_1_53' title='bbox 258 887 365 976; x_wconf 73' lang='lat' dir='ltr'>cisen,</span> <span class='ocrx_word' id='word_1_54' title='bbox 388 890 474 988; x_wconf 87' lang='lat' dir='ltr'>quod</span> <span class='ocrx_word' id='word_1_55' title='bbox 488 887 511 960; x_wconf 92' lang='lat' dir='ltr'>s1</span> <span class='ocrx_word' id='word_1_56' title='bbox 525 914 580 986; x_wconf 91' lang='lat' dir='ltr'>per</span> <span class='ocrx_word' id='word_1_57' title='bbox 593 909 623 960; x_wconf 90' lang='lat' dir='ltr'>te</span> <span class='ocrx_word' id='word_1_58' title='bbox 638 886 779 961; x_wconf 71' lang='lat' dir='ltr'>obtulere</span> <span class='ocrx_word' id='word_1_59' title='bbox 792 916 835 987; x_wconf 89' lang='lat' dir='ltr'>po</span> <span class='ocrx_word' id='word_1_60' title='bbox 858 915 928 975; x_wconf 88' lang='lat' dir='ltr'>tun,</span> <span class='ocrx_word' id='word_1_61' title='bbox 953 913 1018 959; x_wconf 91' lang='lat' dir='ltr'>rem</span> <span class='ocrx_word' id='word_1_62' title='bbox 1047 888 1140 959; x_wconf 84' lang='lat' dir='ltr'>eteris</span> <span class='ocrx_word' id='word_1_63' title='bbox 1154 884 1247 958; x_wconf 86' lang='lat' dir='ltr'>bonis</span> <span class='ocrx_word' id='word_1_64' title='bbox 1257 888 1329 957; x_wconf 79' lang='lat' dir='ltr'>viris</span> <span class='ocrx_word' id='word_1_65' title='bbox 1339 886 1570 961; x_wconf 72' lang='grc' dir='ltr'><strong>111111υά1011ῐῖ1-</strong></span> 
     </span>
     <span class='ocr_line' id='line_1_8' title="bbox 257 981 1572 1083; baseline 0 -25"><span class='ocrx_word' id='word_1_66' title='bbox 257 990 320 1058; x_wconf 83' lang='lat' dir='ltr'>mis</span> <span class='ocrx_word' id='word_1_67' title='bbox 332 992 367 1057; x_wconf 87' lang='lat'>&amp;</span> <span class='ocrx_word' id='word_1_68' title='bbox 387 989 468 1083; x_wconf 80' lang='lat' dir='ltr'>pacis</span> <span class='ocrx_word' id='word_1_69' title='bbox 479 983 681 1057; x_wconf 66' lang='lat' dir='ltr'>sedatoribus</span> <span class='ocrx_word' id='word_1_70' title='bbox 687 985 821 1083; x_wconf 87' lang='lat' dir='ltr'>cupidis,</span> <span class='ocrx_word' id='word_1_71' title='bbox 894 982 1047 1056; x_wconf 74' lang='lat' dir='ltr'>tissimam.</span> <span class='ocrx_word' id='word_1_72' title='bbox 1095 981 1287 1054; x_wconf 84' lang='lat' dir='ltr'>Beneficium</span> <span class='ocrx_word' id='word_1_73' title='bbox 1298 1003 1400 1053; x_wconf 89' lang='lat' dir='ltr'>tamen</span> <span class='ocrx_word' id='word_1_74' title='bbox 1413 1007 1501 1057; x_wconf 87' lang='lat' dir='ltr'>tuum</span> <span class='ocrx_word' id='word_1_75' title='bbox 1516 1011 1572 1058; x_wconf 88' lang='lat' dir='ltr'>eos</span> 
     </span>
     <span class='ocr_line' id='line_1_9' title="bbox 255 1009 1651 1180; baseline -0.001 -24"><span class='ocrx_word' id='word_1_76' title='bbox 255 1080 310 1156; x_wconf 79' lang='lat' dir='ltr'>ista</span> <span class='ocrx_word' id='word_1_77' title='bbox 330 1085 397 1155; x_wconf 76' lang='lat' dir='ltr'>vice</span> <span class='ocrx_word' id='word_1_78' title='bbox 419 1080 580 1166; x_wconf 74' lang='lat' dir='ltr'>celabitur,</span> <span class='ocrx_word' id='word_1_79' title='bbox 605 1082 678 1180; x_wconf 88' lang='lat' dir='ltr'>quia</span> <span class='ocrx_word' id='word_1_80' title='bbox 690 1080 759 1151; x_wconf 85' lang='lat' dir='ltr'>illic</span> <span class='ocrx_word' id='word_1_81' title='bbox 779 1009 945 1179; x_wconf 52' lang='lat' dir='ltr'>positutibi</span> <span class='ocrx_word' id='word_1_82' title='bbox 956 1103 1086 1165; x_wconf 86' lang='lat' dir='ltr'>nocere,</span> <span class='ocrx_word' id='word_1_83' title='bbox 1109 1077 1133 1149; x_wconf 81' lang='lat' dir='ltr'>fi</span> <span class='ocrx_word' id='word_1_84' title='bbox 1149 1077 1236 1149; x_wconf 89' lang='lat' dir='ltr'>sciret</span> <span class='ocrx_word' id='word_1_85' title='bbox 1248 1080 1299 1149; x_wconf 91' lang='lat' dir='ltr'>illc</span> <span class='ocrx_word' id='word_1_86' title='bbox 1314 1103 1372 1149; x_wconf 87' lang='lat' dir='ltr'>nos</span> <span class='ocrx_word' id='word_1_87' title='bbox 1387 1103 1487 1177; x_wconf 81' lang='lat' dir='ltr'>perte</span> <span class='ocrx_word' id='word_1_88' title='bbox 1500 1084 1570 1156; x_wconf 83' lang='lat' dir='ltr'>voti</span> <span class='ocrx_word' id='word_1_89' title='bbox 1649 1156 1651 1163; x_wconf 82' lang='grc'><strong>,</strong></span> 
     </span>
    </p>
   </div>
   <div class='ocr_carea' id='block_1_4' title="bbox 157 1170 1571 1827">
    <p class='ocr_par' dir='ltr' id='par_1_5' title="bbox 157 1170 1571 1827">
     <span class='ocr_line' id='line_1_10' title="bbox 255 1170 1569 1276; baseline -0.002 -24"><span class='ocrx_word' id='word_1_90' title='bbox 255 1175 352 1252; x_wconf 74' lang='lat' dir='ltr'>factm</span> <span class='ocrx_word' id='word_1_91' title='bbox 367 1174 425 1250; x_wconf 88' lang='lat' dir='ltr'>else</span> <span class='ocrx_word' id='word_1_92' title='bbox 440 1198 609 1276; x_wconf 82' lang='lat' dir='ltr'>compotes</span> <span class='ocrx_word' id='word_1_93' title='bbox 657 1177 711 1249; x_wconf 89' lang='lat' dir='ltr'>De</span> <span class='ocrx_word' id='word_1_94' title='bbox 727 1179 832 1249; x_wconf 90' lang='lat' dir='ltr'>Coma</span> <span class='ocrx_word' id='word_1_95' title='bbox 841 1199 895 1249; x_wconf 77' lang='lat' dir='ltr'>trra</span> <span class='ocrx_word' id='word_1_96' title='bbox 910 1174 990 1249; x_wconf 85' lang='lat' dir='ltr'>nibil</span> <span class='ocrx_word' id='word_1_97' title='bbox 1004 1174 1083 1246; x_wconf 89' lang='lat' dir='ltr'>dicis</span> <span class='ocrx_word' id='word_1_98' title='bbox 1097 1199 1136 1244; x_wconf 90' lang='lat' dir='ltr'>an</span> <span class='ocrx_word' id='word_1_99' title='bbox 1152 1173 1248 1247; x_wconf 89' lang='lat' dir='ltr'>adhuc</span> <span class='ocrx_word' id='word_1_100' title='bbox 1254 1170 1380 1245; x_wconf 80' lang='lat' dir='ltr'>crescat?</span> <span class='ocrx_word' id='word_1_101' title='bbox 1403 1184 1489 1249; x_wconf 89' lang='lat' dir='ltr'>Pone</span> <span class='ocrx_word' id='word_1_102' title='bbox 1495 1204 1569 1249; x_wconf 83' lang='lat' dir='ltr'>nro-</span> 
     </span>
     <span class='ocr_line' id='line_1_11' title="bbox 254 1269 1569 1373; baseline -0.005 -24"><span class='ocrx_word' id='word_1_103' title='bbox 254 1275 329 1349; x_wconf 85' lang='lat' dir='ltr'>durn</span> <span class='ocrx_word' id='word_1_104' title='bbox 344 1273 393 1345; x_wconf 89' lang='lat' dir='ltr'>isti</span> <span class='ocrx_word' id='word_1_105' title='bbox 416 1273 582 1371; x_wconf 78' lang='lat' dir='ltr'>scriptioni.</span> <span class='ocrx_word' id='word_1_106' title='bbox 632 1273 778 1345; x_wconf 78' lang='lat' dir='ltr'>Abibrmt</span> <span class='ocrx_word' id='word_1_107' title='bbox 790 1276 824 1344; x_wconf 93' lang='lat' dir='ltr'>in</span> <span class='ocrx_word' id='word_1_108' title='bbox 837 1271 1035 1371; x_wconf 82' lang='lat' dir='ltr'>proverbium</span> <span class='ocrx_word' id='word_1_109' title='bbox 1052 1270 1237 1342; x_wconf 69' lang='lat' dir='ltr'>sumariam</span> <span class='ocrx_word' id='word_1_110' title='bbox 1250 1269 1569 1373; x_wconf 67' lang='lat' dir='ltr'>Epistolae,ts1pergas</span> 
     </span>
     <span class='ocr_line' id='line_1_12' title="bbox 157 1363 1568 1467; baseline 0 -26"><span class='ocrx_word' id='word_1_111' title='bbox 157 1432 162 1441; x_wconf 95' lang='lat'><em>.</em></span> <span class='ocrx_word' id='word_1_112' title='bbox 254 1369 346 1443; x_wconf 86' lang='lat' dir='ltr'>istum</span> <span class='ocrx_word' id='word_1_113' title='bbox 365 1373 489 1443; x_wconf 79' lang='lat' dir='ltr'>titrrlum</span> <span class='ocrx_word' id='word_1_114' title='bbox 511 1369 596 1441; x_wconf 86' lang='lat' dir='ltr'>libris</span> <span class='ocrx_word' id='word_1_115' title='bbox 618 1371 679 1440; x_wconf 87' lang='lat' dir='ltr'>tuis</span> <span class='ocrx_word' id='word_1_116' title='bbox 697 1367 900 1467; x_wconf 68' lang='lat' dir='ltr'>prescribere.</span> <span class='ocrx_word' id='word_1_117' title='bbox 949 1370 1004 1440; x_wconf 93' lang='lat' dir='ltr'>De</span> <span class='ocrx_word' id='word_1_118' title='bbox 1019 1368 1152 1443; x_wconf 80' lang='lat' dir='ltr'>Stuartio</span> <span class='ocrx_word' id='word_1_119' title='bbox 1166 1363 1351 1462; x_wconf 85' lang='lat' dir='ltr'>Philosopho</span> <span class='ocrx_word' id='word_1_120' title='bbox 1362 1368 1448 1441; x_wconf 81' lang='lat' dir='ltr'>breui</span> <span class='ocrx_word' id='word_1_121' title='bbox 1460 1366 1568 1441; x_wconf 88' lang='lat' dir='ltr'>rescri-</span> 
     </span>
     <span class='ocr_line' id='line_1_13' title="bbox 254 1460 1570 1563; baseline -0.001 -25"><span class='ocrx_word' id='word_1_122' title='bbox 254 1464 335 1539; x_wconf 88' lang='lat' dir='ltr'>bam.</span> <span class='ocrx_word' id='word_1_123' title='bbox 369 1469 537 1538; x_wconf 85' lang='lat' dir='ltr'>Mercerius</span> <span class='ocrx_word' id='word_1_124' title='bbox 551 1465 746 1539; x_wconf 75' lang='lat' dir='ltr'>vitriacensis</span> <span class='ocrx_word' id='word_1_125' title='bbox 760 1471 823 1558; x_wconf 83' lang='lat' dir='ltr'>ejus</span> <span class='ocrx_word' id='word_1_126' title='bbox 837 1463 953 1536; x_wconf 83' lang='lat' dir='ltr'>Affinis</span> <span class='ocrx_word' id='word_1_127' title='bbox 965 1491 984 1536; x_wconf 87' lang='lat' dir='ltr'>a</span> <span class='ocrx_word' id='word_1_128' title='bbox 998 1489 1050 1536; x_wconf 91' lang='lat' dir='ltr'>me</span> <span class='ocrx_word' id='word_1_129' title='bbox 1062 1482 1183 1559; x_wconf 72' lang='lat' dir='ltr'>rogabis</span> <span class='ocrx_word' id='word_1_130' title='bbox 1197 1460 1258 1550; x_wconf 88' lang='lat' dir='ltr'>est,</span> <span class='ocrx_word' id='word_1_131' title='bbox 1272 1484 1386 1536; x_wconf 88' lang='lat' dir='ltr'>uteum</span> <span class='ocrx_word' id='word_1_132' title='bbox 1394 1468 1570 1563; x_wconf 62' lang='lat' dir='ltr'>pertunda-</span> 
     </span>
     <span class='ocr_line' id='line_1_14' title="bbox 256 1556 1571 1658; baseline 0 -25"><span class='ocrx_word' id='word_1_133' title='bbox 256 1585 355 1652; x_wconf 88' lang='lat' dir='ltr'>retur,</span> <span class='ocrx_word' id='word_1_134' title='bbox 370 1588 448 1633; x_wconf 90' lang='lat' dir='ltr'>num</span> <span class='ocrx_word' id='word_1_135' title='bbox 461 1564 552 1634; x_wconf 87' lang='lat' dir='ltr'>vellet</span> <span class='ocrx_word' id='word_1_136' title='bbox 564 1567 599 1633; x_wconf 92' lang='lat' dir='ltr'>in</span> <span class='ocrx_word' id='word_1_137' title='bbox 610 1560 795 1634; x_wconf 77' lang='lat' dir='ltr'>nobilissma</span> <span class='ocrx_word' id='word_1_138' title='bbox 806 1562 973 1634; x_wconf 80' lang='lat' dir='ltr'>Academia</span> <span class='ocrx_word' id='word_1_139' title='bbox 986 1581 1081 1634; x_wconf 87' lang='lat' dir='ltr'>artem</span> <span class='ocrx_word' id='word_1_140' title='bbox 1087 1556 1167 1631; x_wconf 88' lang='lat' dir='ltr'>luam</span> <span class='ocrx_word' id='word_1_141' title='bbox 1175 1557 1312 1658; x_wconf 86' lang='lat' dir='ltr'>profiteri</span> <span class='ocrx_word' id='word_1_142' title='bbox 1317 1558 1408 1631; x_wconf 88' lang='lat' dir='ltr'>bonis</span> <span class='ocrx_word' id='word_1_143' title='bbox 1414 1561 1571 1633; x_wconf 84' lang='lat' dir='ltr'>conditiu-</span> 
     </span>
     <span class='ocr_line' id='line_1_15' title="bbox 256 1654 1571 1827; baseline -0.001 -98"><span class='ocrx_word' id='word_1_144' title='bbox 256 1658 358 1730; x_wconf 88' lang='lat' dir='ltr'>nibus.</span> <span class='ocrx_word' id='word_1_145' title='bbox 384 1658 509 1730; x_wconf 86' lang='lat' dir='ltr'>Urbem</span> <span class='ocrx_word' id='word_1_146' title='bbox 524 1684 589 1730; x_wconf 89' lang='lat' dir='ltr'>nou</span> <span class='ocrx_word' id='word_1_147' title='bbox 604 1657 662 1730; x_wconf 85' lang='lat' dir='ltr'>des</span> <span class='ocrx_word' id='word_1_148' title='bbox 724 1661 773 1731; x_wconf 81' lang='lat' dir='ltr'>ui:</span> <span class='ocrx_word' id='word_1_149' title='bbox 797 1680 981 1827; x_wconf 68' lang='lat' dir='ltr'>pupppopter</span> <span class='ocrx_word' id='word_1_150' title='bbox 995 1654 1019 1726; x_wconf 89' lang='lat' dir='ltr'>sr</span> <span class='ocrx_word' id='word_1_151' title='bbox 1031 1655 1069 1727; x_wconf 87' lang='lat' dir='ltr'>ad</span> <span class='ocrx_word' id='word_1_152' title='bbox 1083 1681 1156 1726; x_wconf 88' lang='lat' dir='ltr'>eurn</span> <span class='ocrx_word' id='word_1_153' title='bbox 1169 1654 1480 1744; x_wconf 85' lang='lat' dir='ltr'>Londinumscribas,</span> <span class='ocrx_word' id='word_1_154' title='bbox 1503 1656 1571 1728; x_wconf 83' lang='lat' dir='ltr'>sua-</span> 
     </span>
    </p>
   </div>
   <div class='ocr_carea' id='block_1_5' title="bbox 256 1747 1570 1950">
    <p class='ocr_par' dir='ltr' id='par_1_6' title="bbox 256 1747 1570 1950">
     <span class='ocr_line' id='line_1_16' title="bbox 259 1747 1570 1854; baseline -0.002 -27"><span class='ocrx_word' id='word_1_155' title='bbox 259 1747 321 1827; x_wconf 75' lang='lat' dir='ltr'>deb</span> <span class='ocrx_word' id='word_1_156' title='bbox 331 1777 366 1825; x_wconf 88' lang='lat' dir='ltr'>ut</span> <span class='ocrx_word' id='word_1_157' title='bbox 375 1756 477 1825; x_wconf 90' lang='lat' dir='ltr'>deme</span> <span class='ocrx_word' id='word_1_158' title='bbox 492 1755 638 1854; x_wconf 77' lang='lat' dir='ltr'>aliquida</span> <span class='ocrx_word' id='word_1_159' title='bbox 717 1781 834 1842; x_wconf 91' lang='lat' dir='ltr'>,neo</span> <span class='ocrx_word' id='word_1_160' title='bbox 910 1749 1184 1829; x_wconf 81' lang='lat' dir='ltr'>eriliimetsehinc</span> <span class='ocrx_word' id='word_1_161' title='bbox 1200 1749 1570 1848; x_wconf 74' lang='lat' dir='ltr'>indepostulariscmoras</span> 
     </span>
     <span class='ocr_line' id='line_1_17' title="bbox 256 1847 1570 1950; baseline -0.002 -28"><span class='ocrx_word' id='word_1_162' title='bbox 256 1853 378 1938; x_wconf 69' lang='lat' dir='ltr'>nectat,</span> <span class='ocrx_word' id='word_1_163' title='bbox 400 1850 485 1950; x_wconf 91' lang='lat' dir='ltr'>quod</span> <span class='ocrx_word' id='word_1_164' title='bbox 496 1855 604 1949; x_wconf 89' lang='lat' dir='ltr'>procul</span> <span class='ocrx_word' id='word_1_165' title='bbox 616 1849 712 1923; x_wconf 86' lang='lat' dir='ltr'>dubio</span> <span class='ocrx_word' id='word_1_166' title='bbox 727 1849 860 1924; x_wconf 64' lang='lat' dir='ltr'>fassurus</span> <span class='ocrx_word' id='word_1_167' title='bbox 871 1849 933 1937; x_wconf 84' lang='lat' dir='ltr'>est,</span> <span class='ocrx_word' id='word_1_168' title='bbox 954 1849 1084 1922; x_wconf 85' lang='lat' dir='ltr'>srunam</span> <span class='ocrx_word' id='word_1_169' title='bbox 1099 1851 1294 1921; x_wconf 87' lang='lat' dir='ltr'>Provinciam</span> <span class='ocrx_word' id='word_1_170' title='bbox 1309 1847 1381 1919; x_wconf 87' lang='lat' dir='ltr'>duas</span> <span class='ocrx_word' id='word_1_171' title='bbox 1392 1847 1570 1935; x_wconf 80' lang='lat' dir='ltr'>arbitrenu,</span> 
     </span>
    </p>
   </div>
   <div class='ocr_carea' id='block_1_6' title="bbox 252 1945 1821 2115">
    <p class='ocr_par' dir='ltr' id='par_1_7' title="bbox 252 1945 1821 2115">
     <span class='ocr_line' id='line_1_18' title="bbox 252 1945 1821 2115; baseline -0.003 -96"><span class='ocrx_word' id='word_1_172' title='bbox 252 1946 492 2115; x_wconf 48' lang='lat' dir='ltr'>medere</span> <span class='ocrx_word' id='word_1_173' title='bbox 514 1974 648 2045; x_wconf 89' lang='lat' dir='ltr'>pronum</span> <span class='ocrx_word' id='word_1_174' title='bbox 666 1951 724 2019; x_wconf 88' lang='lat' dir='ltr'>erit</span> <span class='ocrx_word' id='word_1_175' title='bbox 746 1970 842 2021; x_wconf 88' lang='lat' dir='ltr'>atam</span> <span class='ocrx_word' id='word_1_176' title='bbox 860 1945 982 2020; x_wconf 77' lang='lat' dir='ltr'>diversis</span> <span class='ocrx_word' id='word_1_177' title='bbox 994 1945 1128 2044; x_wconf 90' lang='lat' dir='ltr'>partibus</span> <span class='ocrx_word' id='word_1_178' title='bbox 1141 1949 1249 2042; x_wconf 88' lang='lat' dir='ltr'>petito.</span> <span class='ocrx_word' id='word_1_179' title='bbox 1301 1946 1402 2015; x_wconf 89' lang='lat' dir='ltr'>Serius</span> <span class='ocrx_word' id='word_1_180' title='bbox 1415 1945 1570 2043; x_wconf 85' lang='lat' dir='ltr'>accepiab</span> <span class='ocrx_word' id='word_1_181' title='bbox 1715 1995 1717 1998; x_wconf 53' lang='lat'>&lt;</span> <span class='ocrx_word' id='word_1_182' title='bbox 1817 1966 1821 1985; x_wconf 68' lang='lat'>⁸</span> 
     </span>
    </p>
   </div>
   <div class='ocr_carea' id='block_1_7' title="bbox 251 2039 1569 2240">
    <p class='ocr_par' dir='ltr' id='par_1_8' title="bbox 251 2039 1569 2240">
     <span class='ocr_line' id='line_1_19' title="bbox 366 2039 1567 2140; baseline -0.002 -26"><span class='ocrx_word' id='word_1_183' title='bbox 366 2044 373 2059; x_wconf 79' lang='grc'><strong>’</strong></span> <span class='ocrx_word' id='word_1_184' title='bbox 397 2070 419 2114; x_wconf 92' lang='lat'>0</span> <span class='ocrx_word' id='word_1_185' title='bbox 430 2040 536 2115; x_wconf 84' lang='lat' dir='ltr'>nostro</span> <span class='ocrx_word' id='word_1_186' title='bbox 550 2067 620 2117; x_wconf 89' lang='lat' dir='ltr'>ante</span> <span class='ocrx_word' id='word_1_187' title='bbox 632 2044 792 2117; x_wconf 70' lang='lat' dir='ltr'>odiduum</span> <span class='ocrx_word' id='word_1_188' title='bbox 806 2044 858 2116; x_wconf 84' lang='lat' dir='ltr'>has</span> <span class='ocrx_word' id='word_1_189' title='bbox 872 2045 986 2131; x_wconf 83' lang='lat' dir='ltr'>literas,</span> <span class='ocrx_word' id='word_1_190' title='bbox 1011 2067 1087 2140; x_wconf 85' lang='lat' dir='ltr'>quas</span> <span class='ocrx_word' id='word_1_191' title='bbox 1102 2039 1215 2112; x_wconf 88' lang='lat' dir='ltr'>ideirco</span> <span class='ocrx_word' id='word_1_192' title='bbox 1228 2064 1310 2112; x_wconf 90' lang='lat' dir='ltr'>nunc</span> <span class='ocrx_word' id='word_1_193' title='bbox 1326 2040 1452 2112; x_wconf 90' lang='lat' dir='ltr'>demum</span> <span class='ocrx_word' id='word_1_194' title='bbox 1466 2044 1567 2112; x_wconf 84' lang='lat' dir='ltr'>mitto.</span> 
     </span>
     <span class='ocr_line' id='line_1_20' title="bbox 251 2136 1569 2240; baseline -0.003 -28"><span class='ocrx_word' id='word_1_195' title='bbox 251 2141 330 2212; x_wconf 79' lang='lat' dir='ltr'>Vale</span> <span class='ocrx_word' id='word_1_196' title='bbox 344 2160 378 2212; x_wconf 90' lang='lat' dir='ltr'>tu</span> <span class='ocrx_word' id='word_1_197' title='bbox 392 2161 505 2240; x_wconf 88' lang='lat' dir='ltr'>tuaque</span> <span class='ocrx_word' id='word_1_198' title='bbox 519 2165 592 2213; x_wconf 89' lang='lat' dir='ltr'>curn</span> <span class='ocrx_word' id='word_1_199' title='bbox 602 2140 715 2217; x_wconf 76' lang='lat' dir='ltr'>solitas</span> <span class='ocrx_word' id='word_1_200' title='bbox 731 2141 824 2215; x_wconf 87' lang='lat' dir='ltr'>nobis</span> <span class='ocrx_word' id='word_1_201' title='bbox 835 2139 1022 2213; x_wconf 82' lang='lat' dir='ltr'>salutatione.</span> <span class='ocrx_word' id='word_1_202' title='bbox 1046 2140 1174 2210; x_wconf 81' lang='lat' dir='ltr'>Lutetiae</span> <span class='ocrx_word' id='word_1_203' title='bbox 1193 2136 1329 2209; x_wconf 76' lang='lat' dir='ltr'>Parisior.</span> <span class='ocrx_word' id='word_1_204' title='bbox 1341 2139 1372 2209; x_wconf 84' lang='lat'>8.</span> <span class='ocrx_word' id='word_1_205' title='bbox 1381 2136 1458 2235; x_wconf 88' lang='lat' dir='ltr'>Julii</span> <span class='ocrx_word' id='word_1_206' title='bbox 1468 2148 1569 2233; x_wconf 76' lang='lat'>1644.</span> 
     </span>
    </p>
   </div>
   <div class='ocr_carea' id='block_1_8' title="bbox 644 2294 1267 2367">
    <p class='ocr_par' dir='ltr' id='par_1_9' title="bbox 644 2294 1267 2367">
     <span class='ocr_line' id='line_1_21' title="bbox 644 2294 1267 2367; baseline -0.003 0"><span class='ocrx_word' id='word_1_207' title='bbox 644 2296 720 2367; x_wconf 83' lang='grc' dir='ltr'>ΕΡ</span> <span class='ocrx_word' id='word_1_208' title='bbox 743 2298 802 2365; x_wconf 83' lang='lat' dir='ltr'>IS</span> <span class='ocrx_word' id='word_1_209' title='bbox 826 2294 920 2367; x_wconf 78' lang='lat' dir='ltr'>To</span> <span class='ocrx_word' id='word_1_210' title='bbox 943 2298 1028 2367; x_wconf 82' lang='lat' dir='ltr'>LA</span> <span class='ocrx_word' id='word_1_211' title='bbox 1075 2296 1267 2365; x_wconf 83' lang='lat' dir='ltr'><strong>LXXXV.</strong></span> 
     </span>
    </p>
   </div>
   <div class='ocr_carea' id='block_1_9' title="bbox 271 2434 1605 2691">
    <p class='ocr_par' dir='ltr' id='par_1_10' title="bbox 271 2434 1605 2691">
     <span class='ocr_line' id='line_1_22' title="bbox 271 2434 1605 2538; baseline 0 0"><span class='ocrx_word' id='word_1_212' title='bbox 271 2434 1470 2538; x_wconf 82' lang='lat' dir='ltr'><strong>·CL.SARRAV1US-</strong></span> <span class='ocrx_word' id='word_1_213' title='bbox 1599 2436 1605 2454; x_wconf 72' lang='grc'><em>“</em></span> 
     </span>
     <span class='ocr_line' id='line_1_23' title="bbox 762 2589 1150 2691; baseline -0.013 -27"><span class='ocrx_word' id='word_1_214' title='bbox 762 2589 1061 2691; x_wconf 57' lang='lat' dir='ltr'>claudianum.</span> <span class='ocrx_word' id='word_1_215' title='bbox 1146 2647 1150 2659; x_wconf 94' lang='lat'><em>.</em></span> 
     </span>
    </p>
   </div>
   <div class='ocr_carea' id='block_1_10' title="bbox 294 2722 637 2796">
    <p class='ocr_par' dir='ltr' id='par_1_11' title="bbox 294 2722 637 2796">
     <span class='ocr_line' id='line_1_24' title="bbox 294 2722 637 2796; baseline -0.02 -16"><span class='ocrx_word' id='word_1_216' title='bbox 294 2722 452 2796; x_wconf 74' lang='lat' dir='ltr'>Lugdunum</span> <span class='ocrx_word' id='word_1_217' title='bbox 463 2723 637 2776; x_wconf 77' lang='lat' dir='ltr'>Batauorum.</span> 
     </span>
    </p>
   </div>
   <div class='ocr_carea' id='block_1_11' title="bbox 256 2811 1690 3408">
    <p class='ocr_par' dir='ltr' id='par_1_12' title="bbox 256 2811 1690 3408">
     <span class='ocr_line' id='line_1_25' title="bbox 256 2811 1572 2982; baseline 0 -93"><span class='ocrx_word' id='word_1_218' title='bbox 256 2822 358 2982; x_wconf 87' lang='lat' dir='ltr'>M</span> <span class='ocrx_word' id='word_1_219' title='bbox 366 2814 416 2889; x_wconf 85' lang='lat' dir='ltr'>Ilri</span> <span class='ocrx_word' id='word_1_220' title='bbox 439 2812 549 2911; x_wconf 80' lang='lat' dir='ltr'>phudo</span> <span class='ocrx_word' id='word_1_221' title='bbox 554 2867 566 2901; x_wconf 87' lang='lat'>,</span> <span class='ocrx_word' id='word_1_222' title='bbox 589 2815 712 2912; x_wconf 88' lang='lat' dir='ltr'>quoties</span> <span class='ocrx_word' id='word_1_223' title='bbox 733 2814 839 2910; x_wconf 84' lang='lat' dir='ltr'>cogito</span> <span class='ocrx_word' id='word_1_224' title='bbox 862 2838 956 2912; x_wconf 85' lang='lat' dir='ltr'>quam</span> <span class='ocrx_word' id='word_1_225' title='bbox 978 2813 1059 2885; x_wconf 90' lang='lat' dir='ltr'>bene</span> <span class='ocrx_word' id='word_1_226' title='bbox 1079 2813 1214 2887; x_wconf 79' lang='lat' dir='ltr'>succedat</span> <span class='ocrx_word' id='word_1_227' title='bbox 1228 2812 1306 2886; x_wconf 90' lang='lat' dir='ltr'>mihi</span> <span class='ocrx_word' id='word_1_228' title='bbox 1321 2811 1484 2885; x_wconf 75' lang='lat' dir='ltr'>consilium</span> <span class='ocrx_word' id='word_1_229' title='bbox 1494 2815 1572 2889; x_wconf 85' lang='lat' dir='ltr'>illud</span> 
     </span>
     <span class='ocr_line' id='line_1_26' title="bbox 369 2908 1575 3009; baseline 0 -27"><span class='ocrx_word' id='word_1_230' title='bbox 369 2936 494 2999; x_wconf 88' lang='lat' dir='ltr'>meum,</span> <span class='ocrx_word' id='word_1_231' title='bbox 507 2936 573 3008; x_wconf 88' lang='lat' dir='ltr'>quo</span> <span class='ocrx_word' id='word_1_232' title='bbox 588 2932 618 2980; x_wconf 90' lang='lat' dir='ltr'>te</span> <span class='ocrx_word' id='word_1_233' title='bbox 628 2911 733 3006; x_wconf 72' lang='lat' dir='ltr'>rogaui</span> <span class='ocrx_word' id='word_1_234' title='bbox 747 2931 782 2980; x_wconf 91' lang='lat' dir='ltr'>ut</span> <span class='ocrx_word' id='word_1_235' title='bbox 796 2910 834 2982; x_wconf 87' lang='lat' dir='ltr'>ad</span> <span class='ocrx_word' id='word_1_236' title='bbox 847 2937 898 2981; x_wconf 90' lang='lat' dir='ltr'>me</span> <span class='ocrx_word' id='word_1_237' title='bbox 909 2912 1019 2982; x_wconf 79' lang='lat' dir='ltr'>latine</span> <span class='ocrx_word' id='word_1_238' title='bbox 1035 2910 1178 3009; x_wconf 82' lang='lat' dir='ltr'>deinceps</span> <span class='ocrx_word' id='word_1_239' title='bbox 1190 2909 1345 2983; x_wconf 85' lang='lat' dir='ltr'>scriberes:</span> <span class='ocrx_word' id='word_1_240' title='bbox 1369 2910 1444 2982; x_wconf 90' lang='lat' dir='ltr'>dum</span> <span class='ocrx_word' id='word_1_241' title='bbox 1457 2908 1575 2982; x_wconf 81' lang='lat' dir='ltr'>scilieet</span> 
     </span>
     <span class='ocr_line' id='line_1_27' title="bbox 257 2995 1690 3119; baseline 0 -40"><span class='ocrx_word' id='word_1_242' title='bbox 257 3006 384 3119; x_wconf 75' lang='lat' dir='ltr'>singulis</span> <span class='ocrx_word' id='word_1_243' title='bbox 395 3005 568 3104; x_wconf 88' lang='lat' dir='ltr'>septimanis</span> <span class='ocrx_word' id='word_1_244' title='bbox 580 3006 634 3077; x_wconf 87' lang='lat' dir='ltr'>ista</span> <span class='ocrx_word' id='word_1_245' title='bbox 647 3003 805 3076; x_wconf 84' lang='lat' dir='ltr'>occasione</span> <span class='ocrx_word' id='word_1_246' title='bbox 819 3006 935 3106; x_wconf 74' lang='lat' dir='ltr'>aliqmd</span> <span class='ocrx_word' id='word_1_247' title='bbox 947 3005 1057 3093; x_wconf 85' lang='lat' dir='ltr'>doces,</span> <span class='ocrx_word' id='word_1_248' title='bbox 1080 3008 1168 3105; x_wconf 90' lang='lat' dir='ltr'>quod</span> <span class='ocrx_word' id='word_1_249' title='bbox 1181 3034 1247 3079; x_wconf 91' lang='lat' dir='ltr'>non</span> <span class='ocrx_word' id='word_1_250' title='bbox 1258 3008 1471 3078; x_wconf 76' lang='lat' dir='ltr'>incommode</span> <span class='ocrx_word' id='word_1_251' title='bbox 1478 3006 1572 3079; x_wconf 84' lang='lat' dir='ltr'>fami-</span> <span class='ocrx_word' id='word_1_252' title='bbox 1686 2995 1690 3008; x_wconf 45' lang='lat'><strong>¹</strong></span> 
     </span>
     <span class='ocr_line' id='line_1_28' title="bbox 257 3100 1573 3203; baseline -0.002 -27"><span class='ocrx_word' id='word_1_253' title='bbox 257 3105 323 3175; x_wconf 80' lang='lat' dir='ltr'>lian</span> <span class='ocrx_word' id='word_1_254' title='bbox 334 3112 368 3176; x_wconf 75' lang='grc' dir='ltr'>δι</span> <span class='ocrx_word' id='word_1_255' title='bbox 381 3106 499 3203; x_wconf 80' lang='lat' dir='ltr'>vulgari</span> <span class='ocrx_word' id='word_1_256' title='bbox 513 3100 618 3174; x_wconf 89' lang='lat' dir='ltr'>nostro</span> <span class='ocrx_word' id='word_1_257' title='bbox 628 3101 767 3173; x_wconf 86' lang='lat' dir='ltr'>sennone</span> <span class='ocrx_word' id='word_1_258' title='bbox 802 3102 970 3184; x_wconf 82' lang='lat' dir='ltr'>rocederet.</span> <span class='ocrx_word' id='word_1_259' title='bbox 1016 3105 1100 3175; x_wconf 90' lang='lat' dir='ltr'>Ecce</span> <span class='ocrx_word' id='word_1_260' title='bbox 1113 3106 1199 3176; x_wconf 92' lang='lat' dir='ltr'>enim</span> <span class='ocrx_word' id='word_1_261' title='bbox 1213 3107 1247 3174; x_wconf 92' lang='lat' dir='ltr'>in</span> <span class='ocrx_word' id='word_1_262' title='bbox 1262 3102 1423 3201; x_wconf 87' lang='lat' dir='ltr'>postremis</span> <span class='ocrx_word' id='word_1_263' title='bbox 1430 3105 1573 3175; x_wconf 77' lang='lat' dir='ltr'>radicitus</span> 
     </span>
     <span class='ocr_line' id='line_1_29' title="bbox 259 3193 1571 3299; baseline 0 -28"><span class='ocrx_word' id='word_1_264' title='bbox 259 3202 377 3287; x_wconf 85' lang='lat' dir='ltr'>evellis,</span> <span class='ocrx_word' id='word_1_265' title='bbox 401 3198 549 3299; x_wconf 90' lang='lat' dir='ltr'>quicquid</span> <span class='ocrx_word' id='word_1_266' title='bbox 567 3193 716 3297; x_wconf 84' lang='lat' dir='ltr'>supererat</span> <span class='ocrx_word' id='word_1_267' title='bbox 738 3199 768 3268; x_wconf 90' lang='lat' dir='ltr'>d&#39;</span> <span class='ocrx_word' id='word_1_268' title='bbox 805 3199 941 3287; x_wconf 75' lang='lat' dir='ltr'>redeatis,</span> <span class='ocrx_word' id='word_1_269' title='bbox 965 3202 1000 3270; x_wconf 92' lang='lat' dir='ltr'>in</span> <span class='ocrx_word' id='word_1_270' title='bbox 1020 3200 1091 3270; x_wconf 89' lang='lat' dir='ltr'>loco</span> <span class='ocrx_word' id='word_1_271' title='bbox 1105 3201 1264 3287; x_wconf 76' lang='lat' dir='ltr'>vietoris,</span> <span class='ocrx_word' id='word_1_272' title='bbox 1282 3199 1400 3298; x_wconf 85' lang='lat' dir='ltr'>dequo</span> <span class='ocrx_word' id='word_1_273' title='bbox 1413 3197 1459 3270; x_wconf 80' lang='lat' dir='ltr'>ltu</span> <span class='ocrx_word' id='word_1_274' title='bbox 1503 3223 1571 3271; x_wconf 86' lang='lat' dir='ltr'>rem</span> 
     </span>
     <span class='ocr_line' id='line_1_30' title="bbox 260 3225 1574 3408; baseline 0 -40"><span class='ocrx_word' id='word_1_275' title='bbox 260 3322 367 3368; x_wconf 90' lang='lat' dir='ltr'>meum</span> <span class='ocrx_word' id='word_1_276' title='bbox 389 3293 476 3367; x_wconf 87' lang='lat' dir='ltr'>fateri</span> <span class='ocrx_word' id='word_1_277' title='bbox 495 3319 617 3393; x_wconf 83' lang='lat' dir='ltr'>cogor,</span> <span class='ocrx_word' id='word_1_278' title='bbox 645 3291 766 3394; x_wconf 87' lang='lat' dir='ltr'>ejusque</span> <span class='ocrx_word' id='word_1_279' title='bbox 785 3297 905 3408; x_wconf 78' lang='lat' dir='ltr'>meritas</span> <span class='ocrx_word' id='word_1_280' title='bbox 917 3318 1026 3393; x_wconf 83' lang='lat' dir='ltr'>poenas</span> <span class='ocrx_word' id='word_1_281' title='bbox 1046 3295 1084 3367; x_wconf 88' lang='lat' dir='ltr'>de</span> <span class='ocrx_word' id='word_1_282' title='bbox 1106 3298 1210 3366; x_wconf 85' lang='lat' dir='ltr'>recari.</span> <span class='ocrx_word' id='word_1_283' title='bbox 1256 3303 1361 3392; x_wconf 78' lang='lat' dir='ltr'>Qum</span> <span class='ocrx_word' id='word_1_284' title='bbox 1375 3225 1574 3393; x_wconf 65' lang='lat' dir='ltr'>deirrcldogra-</span> 
     </span>
    </p>
   </div>
   <div class='ocr_carea' id='block_1_12' title="bbox 260 3391 1734 3490">
    <p class='ocr_par' dir='ltr' id='par_1_13' title="bbox 260 3391 1734 3490">
     <span class='ocr_line' id='line_1_31' title="bbox 260 3391 1734 3490; baseline -0.001 -27"><span class='ocrx_word' id='word_1_285' title='bbox 260 3413 317 3480; x_wconf 88' lang='lat' dir='ltr'>ta,</span> <span class='ocrx_word' id='word_1_286' title='bbox 348 3418 503 3490; x_wconf 89' lang='lat' dir='ltr'>quamque</span> <span class='ocrx_word' id='word_1_287' title='bbox 532 3393 620 3489; x_wconf 82' lang='lat' dir='ltr'>plana</span> <span class='ocrx_word' id='word_1_288' title='bbox 639 3393 709 3461; x_wconf 87' lang='lat' dir='ltr'>lunt</span> <span class='ocrx_word' id='word_1_289' title='bbox 733 3394 841 3461; x_wconf 84' lang='lat' dir='ltr'>omnia</span> <span class='ocrx_word' id='word_1_290' title='bbox 859 3392 937 3479; x_wconf 77' lang='lat' dir='ltr'>ula,</span> <span class='ocrx_word' id='word_1_291' title='bbox 964 3415 1033 3490; x_wconf 85' lang='lat' dir='ltr'>quae</span> <span class='ocrx_word' id='word_1_292' title='bbox 1090 3391 1189 3464; x_wconf 80' lang='lat' dir='ltr'>uersus</span> <span class='ocrx_word' id='word_1_293' title='bbox 1213 3395 1361 3465; x_wconf 89' lang='lat' dir='ltr'>Doniurn</span> <span class='ocrx_word' id='word_1_294' title='bbox 1380 3393 1511 3489; x_wconf 83' lang='lat' dir='ltr'>disputas</span> <span class='ocrx_word' id='word_1_295' title='bbox 1533 3391 1573 3462; x_wconf 90' lang='lat' dir='ltr'>de</span> <span class='ocrx_word' id='word_1_296' title='bbox 1733 3425 1734 3428; x_wconf 40' lang='lat'>¹</span> 
     </span>
    </p>
   </div>
   <div class='ocr_carea' id='block_1_13' title="bbox 169 3484 1574 3592">
    <p class='ocr_par' dir='ltr' id='par_1_14' title="bbox 169 3484 1574 3592">
     <span class='ocr_line' id='line_1_32' title="bbox 169 3484 1574 3592; baseline -0.001 -35"><span class='ocrx_word' id='word_1_297' title='bbox 169 3515 172 3522; x_wconf 63' lang='grc'>’</span> <span class='ocrx_word' id='word_1_298' title='bbox 255 3493 399 3592; x_wconf 74' lang='lat' dir='ltr'>penula,</span> <span class='ocrx_word' id='word_1_299' title='bbox 417 3493 569 3591; x_wconf 80' lang='lat' dir='ltr'>planeta,</span> <span class='ocrx_word' id='word_1_300' title='bbox 592 3489 702 3582; x_wconf 62' lang='lat' dir='ltr'>castula.</span> <span class='ocrx_word' id='word_1_301' title='bbox 759 3492 854 3584; x_wconf 85' lang='lat' dir='ltr'>Perge</span> <span class='ocrx_word' id='word_1_302' title='bbox 881 3486 981 3586; x_wconf 68' lang='lat' dir='ltr'>queso</span> <span class='ocrx_word' id='word_1_303' title='bbox 1005 3484 1086 3558; x_wconf 85' lang='lat' dir='ltr'>hisee</span> <span class='ocrx_word' id='word_1_304' title='bbox 1115 3514 1167 3561; x_wconf 87' lang='lat' dir='ltr'>me</span> <span class='ocrx_word' id='word_1_305' title='bbox 1187 3487 1292 3573; x_wconf 77' lang='lat' dir='ltr'>beare,</span> <span class='ocrx_word' id='word_1_306' title='bbox 1316 3512 1374 3557; x_wconf 85' lang='lat' dir='ltr'>nee</span> <span class='ocrx_word' id='word_1_307' title='bbox 1389 3512 1488 3583; x_wconf 86' lang='lat' dir='ltr'>operae</span> <span class='ocrx_word' id='word_1_308' title='bbox 1556 3526 1574 3541; x_wconf 89' lang='lat'>-</span> 
     </span>
    </p>
   </div>
   <div class='ocr_carea' id='block_1_14' title="bbox 260 3581 1711 3698">
    <p class='ocr_par' dir='ltr' id='par_1_15' title="bbox 260 3581 1711 3698">
     <span class='ocr_line' id='line_1_33' title="bbox 260 3581 1711 3698; baseline -0.005 -43"><span class='ocrx_word' id='word_1_309' title='bbox 260 3608 330 3656; x_wconf 82' lang='lat' dir='ltr'>cere</span> <span class='ocrx_word' id='word_1_310' title='bbox 343 3585 417 3656; x_wconf 78' lang='lat' dir='ltr'>velis</span> <span class='ocrx_word' id='word_1_311' title='bbox 431 3581 609 3655; x_wconf 84' lang='lat' dir='ltr'>sententiam</span> <span class='ocrx_word' id='word_1_312' title='bbox 628 3603 711 3655; x_wconf 82' lang='lat' dir='ltr'>tuatn</span> <span class='ocrx_word' id='word_1_313' title='bbox 732 3584 905 3679; x_wconf 88' lang='lat' dir='ltr'>promendo</span> <span class='ocrx_word' id='word_1_314' title='bbox 927 3583 1014 3698; x_wconf 78' lang='lat' dir='ltr'>super</span> <span class='ocrx_word' id='word_1_315' title='bbox 1033 3582 1206 3675; x_wconf 87' lang='lat' dir='ltr'>hujusmodi</span> <span class='ocrx_word' id='word_1_316' title='bbox 1218 3585 1346 3655; x_wconf 75' lang='lat' dir='ltr'>novitiis</span> <span class='ocrx_word' id='word_1_317' title='bbox 1369 3581 1504 3679; x_wconf 81' lang='lat' dir='ltr'>scriptori</span> <span class='ocrx_word' id='word_1_318' title='bbox 1527 3608 1571 3652; x_wconf 88' lang='lat' dir='ltr'>us.</span> <span class='ocrx_word' id='word_1_319' title='bbox 1704 3637 1711 3648; x_wconf 92' lang='lat'><strong>.</strong></span> 
     </span>
    </p>
   </div>
   <div class='ocr_carea' id='block_1_15' title="bbox 255 3676 1579 4550">
    <p class='ocr_par' dir='ltr' id='par_1_16' title="bbox 255 3676 1574 4528">
     <span class='ocr_line' id='line_1_34' title="bbox 258 3676 1571 3775; baseline -0.003 -22"><span class='ocrx_word' id='word_1_320' title='bbox 258 3681 420 3775; x_wconf 87' lang='lat' dir='ltr'>Judiciurn</span> <span class='ocrx_word' id='word_1_321' title='bbox 439 3700 519 3751; x_wconf 86' lang='lat' dir='ltr'>terte</span> <span class='ocrx_word' id='word_1_322' title='bbox 541 3707 647 3752; x_wconf 90' lang='lat' dir='ltr'>meum</span> <span class='ocrx_word' id='word_1_323' title='bbox 666 3676 729 3750; x_wconf 85' lang='lat' dir='ltr'>istis</span> <span class='ocrx_word' id='word_1_324' title='bbox 748 3677 877 3751; x_wconf 84' lang='lat' dir='ltr'>censuris</span> <span class='ocrx_word' id='word_1_325' title='bbox 891 3700 951 3752; x_wconf 82' lang='lat' dir='ltr'>turs</span> <span class='ocrx_word' id='word_1_326' title='bbox 961 3677 1068 3752; x_wconf 78' lang='lat' dir='ltr'>instrui</span> <span class='ocrx_word' id='word_1_327' title='bbox 1082 3688 1116 3752; x_wconf 87' lang='lat'>&amp;</span> <span class='ocrx_word' id='word_1_328' title='bbox 1128 3677 1242 3750; x_wconf 65' lang='lat' dir='ltr'>firmari</span> <span class='ocrx_word' id='word_1_329' title='bbox 1258 3679 1368 3763; x_wconf 81' lang='lat' dir='ltr'>video,</span> <span class='ocrx_word' id='word_1_330' title='bbox 1393 3678 1468 3749; x_wconf 89' lang='lat' dir='ltr'>dum</span> <span class='ocrx_word' id='word_1_331' title='bbox 1481 3680 1571 3775; x_wconf 78' lang='lat' dir='ltr'>plane</span> 
     </span>
     <span class='ocr_line' id='line_1_35' title="bbox 259 3772 1571 3877; baseline -0.002 -29"><span class='ocrx_word' id='word_1_332' title='bbox 259 3774 393 3877; x_wconf 79' lang='lat' dir='ltr'>agnosco</span> <span class='ocrx_word' id='word_1_333' title='bbox 414 3800 480 3847; x_wconf 92' lang='lat' dir='ltr'>non</span> <span class='ocrx_word' id='word_1_334' title='bbox 501 3777 560 3848; x_wconf 84' lang='lat' dir='ltr'>elle</span> <span class='ocrx_word' id='word_1_335' title='bbox 578 3774 680 3866; x_wconf 85' lang='lat' dir='ltr'>statim</span> <span class='ocrx_word' id='word_1_336' title='bbox 699 3772 900 3864; x_wconf 78' lang='lat' dir='ltr'>adhibendam</span> <span class='ocrx_word' id='word_1_337' title='bbox 914 3776 1010 3849; x_wconf 88' lang='lat' dir='ltr'>fidem</span> <span class='ocrx_word' id='word_1_338' title='bbox 1023 3775 1169 3848; x_wconf 87' lang='lat' dir='ltr'>omnibus</span> <span class='ocrx_word' id='word_1_339' title='bbox 1187 3776 1260 3868; x_wconf 83' lang='lat' dir='ltr'>illis,</span> <span class='ocrx_word' id='word_1_340' title='bbox 1284 3800 1352 3874; x_wconf 85' lang='lat' dir='ltr'>quae</span> <span class='ocrx_word' id='word_1_341' title='bbox 1366 3772 1508 3845; x_wconf 88' lang='lat' dir='ltr'>erudituli</span> <span class='ocrx_word' id='word_1_342' title='bbox 1521 3772 1571 3845; x_wconf 86' lang='lat' dir='ltr'>isti</span> 
     </span>
     <span class='ocr_line' id='line_1_36' title="bbox 255 3869 1574 3971; baseline -0.003 -25"><span class='ocrx_word' id='word_1_343' title='bbox 255 3874 432 3971; x_wconf 85' lang='lat' dir='ltr'>scriptitant.</span> <span class='ocrx_word' id='word_1_344' title='bbox 481 3874 580 3944; x_wconf 85' lang='lat' dir='ltr'>Serius</span> <span class='ocrx_word' id='word_1_345' title='bbox 599 3872 723 3944; x_wconf 88' lang='lat' dir='ltr'>tandem</span> <span class='ocrx_word' id='word_1_346' title='bbox 743 3872 857 3968; x_wconf 90' lang='lat' dir='ltr'>prodiit</span> <span class='ocrx_word' id='word_1_347' title='bbox 878 3875 912 3944; x_wconf 92' lang='lat' dir='ltr'>in</span> <span class='ocrx_word' id='word_1_348' title='bbox 931 3878 1033 3945; x_wconf 90' lang='lat' dir='ltr'>lucem</span> <span class='ocrx_word' id='word_1_349' title='bbox 1047 3870 1183 3942; x_wconf 86' lang='lat' dir='ltr'>Censura</span> <span class='ocrx_word' id='word_1_350' title='bbox 1197 3873 1355 3942; x_wconf 86' lang='lat' dir='ltr'>Facultatis</span> <span class='ocrx_word' id='word_1_351' title='bbox 1368 3869 1574 3968; x_wconf 74' lang='lat' dir='ltr'>Theologicae</span> 
     </span>
     <span class='ocr_line' id='line_1_37' title="bbox 259 3965 1571 4068; baseline -0.004 -24"><span class='ocrx_word' id='word_1_352' title='bbox 259 3965 396 4044; x_wconf 86' lang='lat' dir='ltr'>adversus</span> <span class='ocrx_word' id='word_1_353' title='bbox 408 3967 607 4040; x_wconf 88' lang='lat' dir='ltr'>Milleteriurn</span> <span class='ocrx_word' id='word_1_354' title='bbox 612 4021 624 4055; x_wconf 87' lang='lat'><em>‚</em></span> <span class='ocrx_word' id='word_1_355' title='bbox 647 3993 715 4067; x_wconf 79' lang='lat' dir='ltr'>quar</span> <span class='ocrx_word' id='word_1_356' title='bbox 727 3969 760 4038; x_wconf 92' lang='lat' dir='ltr'>in</span> <span class='ocrx_word' id='word_1_357' title='bbox 772 3972 902 4068; x_wconf 85' lang='lat' dir='ltr'>gratiam</span> <span class='ocrx_word' id='word_1_358' title='bbox 915 3973 1009 4041; x_wconf 83' lang='lat' dir='ltr'>trium</span> <span class='ocrx_word' id='word_1_359' title='bbox 1026 3965 1295 4066; x_wconf 83' lang='lat' dir='ltr'>Approbatorunr,</span> <span class='ocrx_word' id='word_1_360' title='bbox 1319 3994 1454 4067; x_wconf 87' lang='lat' dir='ltr'>quorum</span> <span class='ocrx_word' id='word_1_361' title='bbox 1463 3970 1571 4039; x_wconf 85' lang='lat' dir='ltr'>norni-</span> 
     </span>
     <span class='ocr_line' id='line_1_38' title="bbox 260 4061 1572 4164; baseline -0.005 -26"><span class='ocrx_word' id='word_1_362' title='bbox 260 4068 296 4139; x_wconf 92' lang='lat' dir='ltr'>ni</span> <span class='ocrx_word' id='word_1_363' title='bbox 314 4065 466 4164; x_wconf 87' lang='lat' dir='ltr'>parcitum</span> <span class='ocrx_word' id='word_1_364' title='bbox 479 4061 546 4150; x_wconf 86' lang='lat' dir='ltr'>est,</span> <span class='ocrx_word' id='word_1_365' title='bbox 570 4063 618 4135; x_wconf 89' lang='lat' dir='ltr'>bis</span> <span class='ocrx_word' id='word_1_366' title='bbox 631 4085 738 4163; x_wconf 88' lang='lat' dir='ltr'>terque</span> <span class='ocrx_word' id='word_1_367' title='bbox 752 4067 888 4138; x_wconf 88' lang='lat' dir='ltr'>emollita</span> <span class='ocrx_word' id='word_1_368' title='bbox 899 4063 969 4137; x_wconf 71' lang='lat' dir='ltr'>filit</span> <span class='ocrx_word' id='word_1_369' title='bbox 1016 4063 1119 4154; x_wconf 80' lang='lat' dir='ltr'>Quod</span> <span class='ocrx_word' id='word_1_370' title='bbox 1132 4084 1239 4136; x_wconf 89' lang='lat' dir='ltr'>tamen</span> <span class='ocrx_word' id='word_1_371' title='bbox 1249 4063 1360 4137; x_wconf 84' lang='lat' dir='ltr'>celsum</span> <span class='ocrx_word' id='word_1_372' title='bbox 1376 4066 1572 4136; x_wconf 85' lang='lat' dir='ltr'>Conciliato·</span> 
     </span>
     <span class='ocr_line' id='line_1_39' title="bbox 259 4158 1573 4260; baseline -0.005 -25"><span class='ocrx_word' id='word_1_373' title='bbox 259 4189 327 4235; x_wconf 88' lang='lat' dir='ltr'>rem</span> <span class='ocrx_word' id='word_1_374' title='bbox 347 4159 481 4258; x_wconf 75' lang='lat' dir='ltr'>spediat‚</span> <span class='ocrx_word' id='word_1_375' title='bbox 504 4163 644 4231; x_wconf 87' lang='lat' dir='ltr'>continet</span> <span class='ocrx_word' id='word_1_376' title='bbox 666 4187 722 4248; x_wconf 85' lang='lat' dir='ltr'>ea,</span> <span class='ocrx_word' id='word_1_377' title='bbox 747 4160 860 4260; x_wconf 84' lang='lat' dir='ltr'>quibus</span> <span class='ocrx_word' id='word_1_378' title='bbox 874 4164 924 4233; x_wconf 90' lang='lat' dir='ltr'>ille</span> <span class='ocrx_word' id='word_1_379' title='bbox 937 4158 1130 4258; x_wconf 76' lang='lat' dir='ltr'>fautoresque</span> <span class='ocrx_word' id='word_1_380' title='bbox 1139 4167 1224 4252; x_wconf 83' lang='lat' dir='ltr'>ejus,</span> <span class='ocrx_word' id='word_1_381' title='bbox 1247 4159 1271 4231; x_wconf 90' lang='lat' dir='ltr'>sr</span> <span class='ocrx_word' id='word_1_382' title='bbox 1308 4163 1342 4231; x_wconf 93' lang='lat' dir='ltr'>ui</span> <span class='ocrx_word' id='word_1_383' title='bbox 1355 4160 1443 4249; x_wconf 89' lang='lat' dir='ltr'>sunt,</span> <span class='ocrx_word' id='word_1_384' title='bbox 1466 4163 1573 4256; x_wconf 89' lang='lat' dir='ltr'>impo-</span> 
     </span>
     <span class='ocr_line' id='line_1_40' title="bbox 259 4188 1574 4355; baseline -0.006 -25"><span class='ocrx_word' id='word_1_385' title='bbox 259 4258 374 4330; x_wconf 87' lang='lat' dir='ltr'>sterum</span> <span class='ocrx_word' id='word_1_386' title='bbox 386 4253 537 4329; x_wconf 84' lang='lat' dir='ltr'>fateantur</span> <span class='ocrx_word' id='word_1_387' title='bbox 545 4253 640 4347; x_wconf 76' lang='lat' dir='ltr'>lusisse</span> <span class='ocrx_word' id='word_1_388' title='bbox 653 4255 685 4328; x_wconf 91' lang='lat' dir='ltr'>se</span> <span class='ocrx_word' id='word_1_389' title='bbox 695 4283 830 4355; x_wconf 90' lang='lat' dir='ltr'>operam.</span> <span class='ocrx_word' id='word_1_390' title='bbox 879 4260 1034 4332; x_wconf 76' lang='lat' dir='ltr'>Amudus</span> <span class='ocrx_word' id='word_1_391' title='bbox 1049 4261 1157 4344; x_wconf 89' lang='lat' dir='ltr'>etiam,</span> <span class='ocrx_word' id='word_1_392' title='bbox 1182 4188 1511 4354; x_wconf 81' lang='lat' dir='ltr'>quemlibiclamadsti</span> <span class='ocrx_word' id='word_1_393' title='bbox 1533 4279 1574 4323; x_wconf 71' lang='lat' dir='ltr'>u·</span> 
     </span>
     <span class='ocr_line' id='line_1_41' title="bbox 256 4281 1573 4528; baseline -0.007 -98"><span class='ocrx_word' id='word_1_394' title='bbox 256 4357 312 4430; x_wconf 73' lang='lat' dir='ltr'>lari</span> <span class='ocrx_word' id='word_1_395' title='bbox 336 4351 485 4427; x_wconf 79' lang='lat' dir='ltr'>Btchetus</span> <span class='ocrx_word' id='word_1_396' title='bbox 502 4349 723 4444; x_wconf 67' lang='lat' dir='ltr'>arbitrabatur,</span> <span class='ocrx_word' id='word_1_397' title='bbox 753 4354 1029 4528; x_wconf 70' lang='lat' dir='ltr'>epistolunLedidit</span> <span class='ocrx_word' id='word_1_398' title='bbox 1047 4353 1086 4428; x_wconf 86' lang='lat' dir='ltr'>ad</span> <span class='ocrx_word' id='word_1_399' title='bbox 1105 4350 1244 4428; x_wconf 79' lang='lat' dir='ltr'>Praesules</span> <span class='ocrx_word' id='word_1_400' title='bbox 1255 4351 1302 4430; x_wconf 88' lang='lat' dir='ltr'>sui</span> <span class='ocrx_word' id='word_1_401' title='bbox 1319 4351 1392 4429; x_wconf 89' lang='lat' dir='ltr'>libri</span> <span class='ocrx_word' id='word_1_402' title='bbox 1404 4281 1573 4450; x_wconf 74' lang='lat' dir='ltr'>Approba·</span> 
     </span>
    </p>

    <p class='ocr_par' dir='ltr' id='par_1_17' title="bbox 956 4465 1579 4550">
     <span class='ocr_line' id='line_1_42' title="bbox 956 4465 1579 4550; baseline 0.01 -31"><span class='ocrx_word' id='word_1_403' title='bbox 956 4476 974 4550; x_wconf 73' lang='lat'>3</span> <span class='ocrx_word' id='word_1_404' title='bbox 1490 4465 1579 4525; x_wconf 60' lang='lat' dir='ltr'>tote&amp;</span> 
     </span>
    </p>
   </div>
   <div class='ocr_carea' id='block_1_16' title="bbox 0 0 2038 5425">
    <p class='ocr_par' dir='ltr' id='par_1_18' title="bbox 0 0 2038 5425">
     <span class='ocr_line' id='line_1_43' title="bbox 0 0 2038 5425; baseline 0 3"><span class='ocrx_word' id='word_1_405' title='bbox 0 0 2038 5425; x_wconf 95' lang='lat' dir='ltr'> </span> 
     </span>
    </p>
   </div>
  </div>
 </body>
</html>
