4067 5425
580 321 1291 409 'EP‘ISTOLAE‘
1572 354 1613 422 51

676 462 1073 540 EPISTOLA
1121 469 1231 539 LIII.

271 596 495 701 ‚CL.
600 588 1501 692 SARRAVIUS

770 753 902 826 cuum
924 755 1080 850 ratmaflo.

209 858 217 873 '
319 851 478 923 tegam
496 852 673 907 numm.

279 925 484 1093 EXbinis
496 926 604 996 Riicti
618 924 714 996 nostri
727 926 846 1013 literis,
870 926 959 1026 quod
974 953 1012 999 ex
1028 928 1098 997 unis
1109 929 1170 998 tuis
1182 924 1353 1003 maluissem
1368 982 1379 1015 ,
1403 929 1606 1027 gratissimum

357 1022 420 1097 fuit
429 1024 599 1121 intelligere
613 1024 803 1097 maritimum
817 1047 909 1097 tuum
925 1028 982 1095 iter
995 1023 1064 1096 satis
1077 1022 1207 1095 feliciter
1242 1024 1409 1112 roceffisse3
1434 1048 1605 1124 tequetan-
1691 1076 1693 1083 ‹

273 1119 490 1193 demeumnis
503 1117 651 1191 omnibus
665 1119 854 1217 Lugdunum
870 1125 1057 1192 Batavorum
1070 1051 1247 1193 advenord.
1289 1129 1374 1195 Vota
1385 1124 1424 1195 ad
1438 1127 1547 1211 Deum
1555 1126 1604 1199 fe-

275 1241 397 1308 ceron,
420 1243 494 1289 curn
506 1213 625 1289 sruuma
636 1219 735 1287 animi
747 1221 974 1305 contentione,
999 1244 1058 1315 pro
1069 1217 1160 1289 sasutc
1176 1240 1250 1305 tua,
1275 1222 1484 1320 rogabamque
1500 1244 1534 1293 ut
1546 1248 1605 1295 co·

275 1339 423 1387 murreus
432 1313 550 1386 fierem.
598 1313 696 1384 Nunc
710 1312 767 1411 ipst
781 1318 858 1386 Deo
870 1318 1038 1387 innnortali
1046 1319 1236 1415 agogratias,
1254 1320 1340 1414 quod
1348 1342 1422 1390 vota
1436 1319 1602 1419 precesque

273 1409 390 1524 nostras
403 1412 548 1499 audierit,
571 1435 707 1507 eumque
719 1437 850 1484 veneror
863 1436 899 1485 ut
911 1439 947 1484 ca
959 1411 1115 1502 statione,
1140 1410 1306 1487 diutiffime
1318 1415 1406 1487 samu
1421 1423 1455 1488 δι
1470 1438 1603 1490 couten-

272 1529 322 1581 ωδ
335 1532 435 1583 vivas:

609 1647 629 1661 -
650 1646 669 1660 ·
690 1646 709 1659 -
732 1610 842 1703 spem
856 1607 910 1700 μὶν

503 1702 634 1793 „poprie
653 1710 756 1791 ἀρεταῖν
772 1707 833 1774 Sani
850 1711 955 1775 πασίίι.

321 1802 403 1873 Νοιι
416 1800 506 1899 plane
520 1784 663 1872 inutilem
682 1798 740 1871 tibi
756 1797 845 1873 fuisse
861 1827 963 1873 meam
977 1799 1016 1872 ad
1028 1799 1190 1875 cauffium
1210 1804 1534 1896 commendationem,
1558 1836 1598 1881 et

270 1899 380 1970 auimo
392 1897 522 1997 gaudeo.
570 1897 715 1967 Monitus
725 1897 764 1969 ab
778 1925 818 1970 eo
831 1919 862 1970 te
874 1897 1015 1986 solvisse,
1043 1901 1194 1996 grurdenr
1209 1899 1407 1999 epistolarum
1418 1899 1596 1980 fasciculum

271 1996 469 2070 adeverum
483 1991 647 2083 destinavi,
673 2014 709 2065 ut
721 2021 795 2067 eum
809 1994 867 2067 tibi
879 1996 1098 2068 reddicuraree
1124 1996 1474 2071 Ineocrantbinaemeae.
1484 1996 1602 2075 Scribit

268 2094 322 2165 ille
340 2091 456 2165 secum
469 2093 572 2164 arnico
586 2090 831 2167 Roterodamum
843 2091 1049 2191 proficiscenti
1060 2094 1232 2181 credidisse,
1258 2097 1313 2194 qui
1327 2094 1453 2192 presens
1466 2099 1598 2192 praesen-

271 2190 461 2263 tiredderet
510 2187 601 2279 Quid
623 2214 664 2261 eo
685 2186 878 2278 numne,
910 2191 1094 2265 &anadte
1116 2191 1252 2289 Leydam
1275 2192 1398 2264 redierit
1420 2191 1469 2265 sac
1492 2196 1594 2294 quaeso

268 2286 384 2359 sciam>
401 2287 554 2359 nonnulla
565 2287 653 2357 enim
666 2288 702 2356 in
716 2313 757 2359 eo
770 2286 975 2374 habebantur,
1004 2314 1075 2386 quae
1089 2309 1120 2360 te
1132 2284 1208 2361 scire
1218 2289 1344 2379 juvabit.
1390 2290 1540 2387 Epistolae‘
1555 2295 1593 2366 ad

271 2385 459 2485 Memgium
482 2383 605 2470 editio,
638 2379 812 2457 testudineo
831 2384 928 2484 gradu
945 2385 1093 2483 procedit.
1140 2389 1264 2458 Decem
1288 2407 1393 2461 tamen
1421 2384 1496 2459 solia
1525 2388 1595 2461 sunt

268 2480 386 2555 excusa.
435 2484 543 2554 Priora
555 2478 605 2553 sex
622 2498 693 2551 ante
707 2483 825 2580 aliquot
845 2483 909 2553 dies
921 2484 1027 2573 juveni
1048 2480 1171 2554 cuidam
1186 2489 1221 2554 in
1234 2486 1333 2555 ausam
1352 2482 1481 2556 vestram
1492 2484 1595 2558 abitu·

270 2582 366 2652 rienti
379 2578 513 2665 tradidi,
545 2581 601 2676 qui
618 2575 656 2649 ad
672 2597 704 2645 te
715 2602 751 2648 ea
764 2575 904 2650 deferret
951 2582 1011 2653 Sex
1030 2577 1186 2676 supersunt
1199 2605 1267 2677 quae
1279 2578 1340 2650 hoc
1354 2584 1476 2679 reliquo
1490 2582 1594 2655 mense

272 2673 411 2749 absoluta
421 2678 461 2748 iri
473 2671 610 2758 confido.
656 2673 904 2775 Typograpbum
917 2700 1014 2775 urgeo
1053 2696 1182 2748 uantum
1194 2674 1337 2774 possum,
1360 2677 1530 2751 hortatibus
1542 2684 1595 2753 in·

267 2772 343 2860 sto,
365 2772 462 2871 posco
474 2771 653 2872 atqueadeo
669 2770 800 2871 flagito,
823 2781 857 2846 δι
870 2778 953 2846 urus
965 2777 1048 2871 preci
1072 2799 1114 2844 ua
1163 2775 1240 2872 quid
1256 2775 1357 2846 inde?
1382 2773 1477 2847 Nosti
1496 2803 1592 2874 quam

267 2868 431 2945 lenuitnfit
440 2895 536 2942 omne
545 2866 626 2943 istud
638 2873 803 2967 negotium
815 2868 978 2970 prasertim
991 2869 1073 2970 apud
1086 2895 1154 2942 noo.
1203 2872 1339 2942 Coretus
1350 2870 1591 2946 sumcorrefflo·

267 2972 317 3041 nis
330 2969 456 3042 tedium
468 2967 613 3040 devorare
626 3020 637 3055 ,
660 2992 734 3040 curn
748 2971 913 3069 Menegius
926 2966 994 3041 satis
1009 2966 1189 3040 insoeliciter
1204 2995 1243 3039 eo
1254 2967 1347 3039 semel
1361 2966 1443 3042 bisve
1455 2967 1527 3042 esset
1539 2997 1594 3043 ee-

159 3093 169 3112 ·
267 3063 401 3139 ninum
445 3065 578 3163 Recepit
592 3067 759 3163 Menagius
772 3064 810 3138 ad
826 3088 857 3138 te
872 3062 1025 3140 scribendi
1038 3068 1231 3166 provinciam
1242 3066 1329 3163 super
1340 3065 1476 3163 Epistola
1489 3088 1541 3138 tua
1552 3067 1592 3141 td

190 3219 197 3228 .
265 3161 422 3236 summurn
436 3166 546 3235 AErarii
664 3188 775 3253 orem,
800 3189 896 3261 quern
910 3165 1014 3236 audivi
1034 3188 1102 3236 non
1113 3163 1289 3234 condamm
1308 3165 1342 3233 in
1357 3162 1591 3260 respondendo,

265 3258 594 3359 sediisverbis,exqur
615 3257 1033 3353 uscettiorfiasnihilabejus
1046 3262 1326 3357 ingenioanimove
1333 3313 1344 3346 ,
1358 3262 1429 3332 licet
1437 3264 1506 3333 inte
1512 3288 1589 3360 pro-

264 3361 328 3445 nis,
351 3357 581 3456 expediandum
631 3364 678 3428 lta
690 3354 789 3430 borno
803 3355 847 3428 est
859 3378 894 3429 ut
906 3357 988 3456 bene
1004 3360 1079 3429 velit
1095 3354 1146 3428 sed
1164 3356 1242 3428 nihil
1257 3355 1389 3453 potessrt.
1437 3358 1589 3430 Narrabat

263 3480 363 3553 nuper
375 3457 560 3528 Milleterius
573 3453 699 3544 (infelix
713 3453 820 3526 amisso
832 3451 900 3525 filio
912 3458 946 3526 in
961 3480 1079 3554 nupera
1092 3454 1175 3526 clade
1189 3455 1379 3525 Germanica
1393 3462 1490 3550 pater)
1505 3452 1534 3527 se
1548 3454 1588 3526 de

263 3550 470 3650 tepsenissrmc
484 3554 676 3625 collocutum
692 3549 988 3650 effecumEmerio,
1013 3555 1071 3650 qui
1085 3550 1265 3622 esscbtumm
1279 3547 1339 3621 sese
1355 3552 1535 3645 pollicetur,
1551 3573 1588 3621 ur

261 3648 356 3720 istinc
371 3674 445 3720 cum
458 3647 627 3723 honorario
640 3672 676 3720 ιι.
692 3671 733 3724 Μ.
755 3670 975 3722 coronatorum
995 3678 1013 3723 a
1033 3651 1157 3746 Regina
1173 3650 1319 3719 evoceris.
1367 3645 1483 3718 Aderat
1504 3650 1588 3720 Bau-

264 3750 382 3820 truvius
391 3747 447 3847 qui
457 3772 524 3819 non
539 3749 643 3845 potuit
658 3745 873 3832 continerese,
892 3750 972 3845 quin
983 3767 1015 3819 te
1028 3771 1135 3845 parum
1152 3764 1256 3815 catum
1271 3745 1402 3816 aulicum
1416 3744 1581 3818 denotaret

263 3845 321 3915 Tu
333 3869 426 3931 vero,
448 3841 774 3931 virGenerofirnne,
788 3839 1273 3943 quieosomnescorarncumsuis
1280 3840 1458 3914 muneribus
1466 3842 1589 3940 despui-

263 3939 321 4029 sti,
346 3938 426 4028 istit,
448 3938 492 4013 sat
503 3939 585 4031 scio,
608 3966 675 4012 non
687 3941 873 4014 moveberis
921 3940 1010 4014 Mifit
1025 3940 1063 4012 ad
1082 3965 1133 4011 me
1145 3940 1330 4010 Gronovius
1350 3937 1454 4011 noster
1464 3942 1584 4038 aliquot

263 4039 461 4112 obtritiones
470 4035 529 4112 suoe
543 4038 694 4111 Diatnbu
708 4038 749 4111 de
764 4035 928 4112 sestertiis:
952 4036 975 4110 st
987 4038 1066 4138 quid
1079 4036 1199 4129 judico,
1221 4037 1311 4133 plena
1323 4035 1464 4110 estbonae
1475 4033 1581 4134 frugis.

250 4141 387 4210 ‚Vereor
399 4161 441 4208 oe
452 4158 483 4209 ce
493 4135 608 4234 cupido
620 4139 718 4235 capiat
730 4134 844 4209 edendi
862 4138 965 4236 operit
977 4140 1025 4208 tui
1037 4134 1076 4209 de
1088 4137 1139 4207 Re
1152 4136 1354 4247 Nummpria:
1379 4141 1449 4245 lmo
1462 4137 1581 4246 utinam

247 4232 510 4418 iffi?
515 4232 1181 4430 fflffifflq‘sssffi
1189 4234 1436 4401 {iffi}
1442 4235 1583 4397 ‘sust

258 4429 356 4517 bunt,
380 4426 521 4528 quoelric
531 4426 674 4529 apudme
688 4427 855 4532 reliquisti,
879 4426 940 4504 suia
952 4429 1164 4597 ιιὸιιιίιιιοιιίἰι
1175 4427 1339 4525 adiungere
1352 4446 1579 4521 negraventur3

1026 4549 1045 4595 2
1522 4544 1581 4598 lec
