4067 5425
437 363 506 453 176
658 308 942 427 Cbnnrr.
990 366 1065 418 ur
1113 322 1540 421 Docrrcsrrr'.

434 480 526 552 video
540 475 667 576 qundo
676 471 830 547 absolvere
841 473 946 541 liceat:
970 467 1048 540 adeo
1058 465 1128 539 sum
1140 472 1272 542 rationes
1285 467 1394 541 nostro
1407 494 1517 542 onmes
1528 490 1654 570 propter
1664 496 1747 545 mm-
1768 454 1773 463 ¹

434 575 575 647 dinatum
598 567 895 645 Frmcofurtensrum
907 572 969 655 jam
984 561 1076 635 semel
1095 588 1187 663 atque
1202 569 1313 644 iterum
1333 562 1484 663 praecisam
1496 564 1619 639 messem
1630 589 1750 666 pemit-

434 672 519 744 batae.
568 676 674 767 ltaque
686 689 720 738 ut
735 667 827 736 etiam
841 661 918 733 hnic
935 658 1031 732 adhuc
1043 661 1137 732 aleam
1152 665 1185 732 in
1199 660 1334 734 nostram
1345 666 1473 764 gratiam
1485 671 1582 756 jacere
1595 664 1748 763 digneris,

438 773 531 840 etiam
597 766 739 836 ucetiam
754 782 805 847 te,
827 763 872 830 mi
885 760 1050 843 Cicerone,
1074 783 1132 828 oro
1147 778 1239 857 atquc
1252 757 1404 845 obtestor,
1428 754 1553 831 forsitan
1560 764 1620 832 erit
1629 764 1751 860 aliquis,

441 867 497 963 qui
508 864 582 934 tan'
639 860 785 956 petrurio,
798 851 1110 953 alioquifortcotiosn
1121 859 1234 925 interea
1247 854 1333 927 domi
1340 858 1486 928 latitatum
1494 910 1505 942 ,
1524 881 1622 928 carere
1635 860 1753 929 tantillo
1833 882 1836 895 ·

440 982 582 1127 illl
593 953 862 1123 ihii'fiiii
869 951 1309 1147 lihililissill:
1321 949 1667 1119 ,lliil‘lfflhm
1672 957 1754 1141 {lli

446 1175 575 1222 munere
591 1152 718 1249 gratiam
732 1149 813 1217 illam
827 1158 848 1215 'r
903 1143 1005 1215 rulere.
1037 1146 1092 1214 De
1106 1142 1166 1212 hoc
1182 1141 1275 1239 posses
1281 1146 1361 1240 apud
1367 1145 1532 1215 Nicolaum
1545 1144 1753 1220 Landrirnum

442 1246 646 1343 bibliopolam
661 1244 771 1316 ridere.
817 1244 846 1311 E
868 1263 899 1311 et
917 1242 1003 1310 enim
1017 1265 1054 1310 ea
1067 1265 1113 1310 res
1125 1238 1307 1336 bibliopolae'
1316 1240 1406 1311 alicui
1419 1243 1550 1312 maxime
1562 1239 1627 1313 usui
1641 1238 1753 1315 fumea.

342 1412 346 1419 .
447 1347 551 1417 Miror
563 1365 667 1413 autem
684 1338 772 1439 quod
786 1336 889 1409 scribis
900 1334 986 1407 Sella
1000 1333 1175 1406 successores
1188 1389 1200 1422 ,
1229 1360 1347 1406 nomen
1360 1361 1466 1407 meum
1479 1339 1513 1406 in
1527 1336 1616 1435 ipsius
1627 1341 1756 1410 rationi-

449 1439 507 1511 bus
517 1437 668 1536 nusquam
682 1439 828 1533 reperire,
852 1441 885 1504 δι
899 1430 1134 1529 chirographum
1147 1429 1238 1529 ipsius
1253 1458 1270 1501 a
1285 1458 1336 1503 me
1349 1455 1469 1531 petere,
1492 1437 1597 1505 cumis
1611 1436 1688 1505 nulli
1695 1461 1757 1506 no-

447 1536 579 1608 stmrum
592 1561 648 1632 pro
662 1533 747 1604 libris
758 1529 913 1629 postremo
925 1526 976 1599 hic
990 1531 1119 1624 acceptis
1131 1531 1228 1598 ullum
1242 1526 1327 1598 chiro
1380 1529 1476 1627 phum
1490 1530 1623 1616 dederit,
1647 1526 1697 1602 sed
1703 1557 1759 1629 per
1882 1578 1889 1591 -

451 1633 621 1703 Nicolaum
634 1626 746 1727 Episco
770 1631 836 1697 ium
848 1626 1023 1696 colettosa
1039 1622 1161 1695 diversis
1171 1623 1266 1694 libror
1279 1556 1452 1696 baffinses
1471 1629 1553 1696 mitti
1570 1626 1607 1697 ad
1620 1624 1760 1724 sepetie-

451 1733 500 1800 rit
525 1729 674 1825 Cumque
686 1656 1091 1822 Episcopiusamepeteret
1102 1720 1196 1792 libros
1204 1717 1288 1792 Selsae
1302 1724 1432 1793 nomine
1440 1721 1494 1819 ipsi
1502 1745 1536 1793 ut
1548 1723 1667 1809 darem,
1705 1749 1759 1796 ικ-

452 1825 588 1912 buime,
612 1845 647 1894 ut
681 1847 713 1891 ar
727 1839 806 1904 erat,
829 1817 996 1888 admodum
1008 1812 1147 1905 facilem,
1170 1843 1283 1913 nempe
1296 1817 1469 1915 quodmihi
1491 1828 1639 1910 (utanter

451 1920 570 2010 suerat)
592 1849 774 1991 satissabtum
788 1912 826 1984 rb
840 1910 906 2011 ipso
918 1915 973 2000 iri,
997 1914 1165 2009 adtempus
1179 1912 1218 1983 ab
1229 1938 1270 1984 co
1285 1917 1319 1984 in
1331 1916 1426 1986 literis
1437 1911 1496 1987 suis
1511 1917 1549 1988 ad
1563 1914 1762 2014 Episcopium

452 2015 570 2116 scriptis
583 2011 741 2086 manifeste
755 2007 921 2107 expressum
936 2064 947 2096 ,
970 2036 1038 2080 non
1050 2010 1229 2081 dubitarem.
1278 2012 1320 2082 Et
1331 2010 1419 2107 spero
1434 2015 1603 2083 etiamnum
1614 2011 1763 2084 successo-

453 2141 501 2186 res
514 2111 717 2210 ipsius2denuo
730 2108 922 2193 admonitos,
946 2104 1104 2178 bonorum
1116 2108 1250 2177 vironrm
1265 2103 1423 2179 naeuos
1435 2105 1551 2179 offitio.
1601 2112 1700 2180 Mitto
1706 2111 1765 2181 itc-

454 2237 517 2310 que
530 2207 700 2280 schedulam
713 2202 793 2276 hisce
808 2206 903 2275 literis
914 2202 952 2274 ad
964 2223 995 2272 te
1006 2201 1116 2274 nostris
1136 2198 1282 2273 inclnsnn
1297 2256 1308 2289 ‚
1361 2230 1401 2275 ut
1413 2203 1561 2276 librorum
1572 2208 1765 2304 catalogum,

455 2332 537 2474 rt
548 2295 727 2471 iri-Eri
749 2230 1588 2494 trittico
1600 2299 1767 2495 tint

458 2456 531 2570 nori
539 2496 702 2582 debetur,
724 2521 763 2566 ve
785 2521 811 2566 e.
837 2452 1117 2564 'Ennschedimn
1131 2495 1233 2590 itaque
1243 2496 1286 2565 eis
1304 2489 1404 2592 quoeso
1416 2493 1484 2580 des,
1506 2501 1539 2564 ἃ
1554 2451 1769 2566 ritmihisatis·

460 2594 514 2667 fiat
529 2593 655 2665 crrrabis.
677 2591 775 2685 Quod
788 2615 864 2662 vero
877 2610 930 2660 tua
945 2588 983 2661 ad
995 2588 1073 2661 hanc
1089 2616 1155 2660 rem
1166 2615 1261 2685 opera
1270 2589 1355 2663 abuti
1366 2589 1481 2676 audeo,
1494 2584 1640 2689 ignosces.
1664 2594 1771 2663 Com-

461 2690 601 2770 miscram
613 2687 1068 2801 eandem-ctiamMuioJutim
1091 2681 1175 2757 Sessae
1188 2683 1515 2801 quondamfamilini‚
1539 2684 1772 2858 qnismmffi

461 2781 1771 2981 tittntirnfirtltrrtn,

463 2982 758 3055 commentariorum
764 2978 926 3073 Majoragii
939 2976 979 3048 acl
991 3002 1064 3062 voc,
1089 2974 1191 3075 quaeso
1205 3003 1260 3074 per
1270 2976 1463 3048 occasionem
1476 3000 1656 3050 mercatores
1661 2977 1776 3052 veihos

464 3083 631 3150 Dnnonos
645 3094 681 3144 ut
694 3071 850 3145 sollicitare
865 3073 962 3161 velis,
985 3095 1021 3142 ut
1034 3069 1110 3160 suis,
1134 3098 1213 3170 quot
1220 3072 1338 3143 Basleae
1345 3070 1477 3159 habent,
1501 3073 1691 3146 curatoribus
1701 3076 1776 3154 scri·

464 3172 558 3259 bant,
581 3192 617 3242 ut
629 3172 859 3265 recipereamc,
883 3175 1033 3239 &curare
1044 3171 1146 3240 velint
1169 3170 1511 3242 Inmenullaeritmom
1535 3173 1716 3265 Bcrrevcle,
1738 3177 1774 3243 δε

466 3268 632 3370 prolir'tati
640 3264 774 3366 ignosce.
796 3262 1286 3363 Basrleae.13.Septembrisr552.

784 3405 1167 3477 Errsrorn
1214 3409 1506 3479 cxxxix
1783 3425 1789 3440 ·

472 3523 1007 3634 FRANCISCO
1085 3531 1558 3628 CICERINO.
1643 3537 1684 3629 S.
1721 3535 1780 3629 D.

514 3785 706 3844 Mediolanum.
1013 3681 1063 3786 Jo.
1087 3687 1246 3787 Opmnus.

542 3862 596 3930 Ro
610 3858 752 3958 singulari
762 3856 951 3929 humanitate
961 3879 1014 3928 tua
1028 3880 1100 3956 erga
1110 3860 1156 3928 D.
1170 3858 1291 3959 Georg.
1314 3861 1488 3932 Tamenun
1502 3883 1575 3930 meo
1589 3863 1719 3932 nomine
1731 3884 1787 3932 er·

479 3870 656 4039 phibin,
680 3980 740 4051 ago
755 3956 1025 4054 ingentesgmtias‚
1048 3955 1190 4025 relaturus
1205 3958 1474 4122 etiarplrzpurimaqua
1497 3981 1535 4027 ue
1546 3954 1722 4043 occasione,
1729 3982 1787 4054 pro

476 4051 566 4120 virili.
615 4052 711 4121 Mitto
724 4047 1267 4149 jamtandemperBalthassiremRav
1361 4079 1414 4137 m,
1437 4047 1458 4122 s
1482 4054 1615 4123 ciculum
1625 4052 1786 4139 librorum,

478 4149 535 4243 inq
549 4172 593 4216 uo
607 4149 735 4242 reperies
752 4171 796 4217 20
811 4150 990 4244 exemplaria
1003 4150 1297 4218 commentariorum
1306 4148 1477 4238 AntMmo
1532 4152 1592 4221 ‘iin
1607 4152 1791 4234 Oratorem,

480 4267 547 4339 quae
560 4264 595 4312 ut
609 4240 664 4340 ipsi
675 4241 776 4314 statim
792 4241 953 4315 reddantur
959 4239 1095 4325 curabis,
1120 4262 1212 4339 atque
1225 4268 1265 4313 ex
1283 4246 1320 4315 iis
1333 4243 1357 4314 sr
1376 4244 1462 4315 voles
1477 4173 1541 4340 sitsi
1554 4249 1647 4320 etiam
1661 4244 1791 4317 servabis

502 4365 538 4410 ro
550 4340 725 4437 tealiquot‚
740 4337 853 4436 srplura
863 4340 988 4425 voletis,
1002 4339 1340 4436 mittamaliotempore.
1373 4340 1513 4429 Adiunxi
1523 4339 1796 4416 commentarium

481 4365 576 4509 blan.
587 4434 716 4509 Borchai
728 4437 762 4507 in
770 4432 943 4507 Aristotelis
955 4430 1158 4526 Rhetborica,
1181 4460 1277 4535 quem
1282 4463 1339 4534 pro
1351 4435 1454 4510 nobili
1463 4437 1600 4535 quodam
1615 4438 1801 4607 pemmo

1654 4560 1694 4607 co
1782 4557 1807 4605 rt
