<?xml version="1.0" encoding="UTF-8"?>
<!DOCTYPE html PUBLIC "-//W3C//DTD XHTML 1.0 Transitional//EN"
    "http://www.w3.org/TR/xhtml1/DTD/xhtml1-transitional.dtd">
<html xmlns="http://www.w3.org/1999/xhtml" xml:lang="en" lang="en">
 <head>
  <title>
</title>
<meta http-equiv="Content-Type" content="text/html;charset=utf-8" />
  <meta name='ocr-system' content='tesseract 3.04.00' />
  <meta name='ocr-capabilities' content='ocr_page ocr_carea ocr_par ocr_line ocrx_word'/>
</head>
<body>
  <div class='ocr_page' id='page_1' title='image "./marquardigudiie00burmgoog_0324.png"; bbox 0 0 4067 5425; ppageno 0'>
   <div class='ocr_carea' id='block_1_1' title="bbox 480 275 1564 477">
    <p class='ocr_par' dir='ltr' id='par_1_1' title="bbox 480 275 1564 477">
     <span class='ocr_line' id='line_1_1' title="bbox 480 275 1564 393; baseline 0.007 -42"><span class='ocrx_word' id='word_1_1' title='bbox 480 275 826 351; x_wconf 76' lang='lat' dir='ltr'><strong>Vinonuu</strong></span> <span class='ocrx_word' id='word_1_2' title='bbox 884 281 1280 367; x_wconf 66' lang='lat' dir='ltr'><strong>Eetsronm</strong></span> <span class='ocrx_word' id='word_1_3' title='bbox 1362 336 1369 364; x_wconf 67' lang='lat' dir='ltr'><strong>i</strong></span> <span class='ocrx_word' id='word_1_4' title='bbox 1482 292 1564 393; x_wconf 62' lang='grc' dir='ltr'><strong>[η]</strong></span> 
     </span>
     <span class='ocr_line' id='line_1_2' title="bbox 600 395 1248 477; baseline 0.025 -14"><span class='ocrx_word' id='word_1_5' title='bbox 600 395 984 471; x_wconf 80' lang='lat' dir='ltr'>EPISTOLA</span> <span class='ocrx_word' id='word_1_6' title='bbox 1034 400 1248 477; x_wconf 84' lang='lat' dir='ltr'>CCV11.&#39;</span> 
     </span>
    </p>
   </div>
   <div class='ocr_carea' id='block_1_2' title="bbox 310 516 1525 658">
    <p class='ocr_par' dir='ltr' id='par_1_2' title="bbox 310 516 1525 658">
     <span class='ocr_line' id='line_1_3' title="bbox 310 516 1525 658; baseline 0.012 -41"><span class='ocrx_word' id='word_1_7' title='bbox 310 516 1525 658; x_wconf 61' lang='lat' dir='ltr'><strong>Joaiu.auouuiu‚8.n.·</strong></span> 
     </span>
    </p>
   </div>
   <div class='ocr_carea' id='block_1_3' title="bbox 285 680 1106 853">
    <p class='ocr_par' dir='ltr' id='par_1_3' title="bbox 285 680 1106 853">
     <span class='ocr_line' id='line_1_4' title="bbox 699 680 1106 790; baseline 0.015 -36"><span class='ocrx_word' id='word_1_8' title='bbox 699 680 858 755; x_wconf 83' lang='lat' dir='ltr'><strong>Frederico</strong></span> <span class='ocrx_word' id='word_1_9' title='bbox 872 684 1106 790; x_wconf 80' lang='lat' dir='ltr'><strong>Lindensrogio.</strong></span> 
     </span>
     <span class='ocr_line' id='line_1_5' title="bbox 285 778 478 853; baseline -0.016 -17"><span class='ocrx_word' id='word_1_10' title='bbox 285 778 478 853; x_wconf 74' lang='lat' dir='ltr'><strong>Hamsnrgum.</strong></span> 
     </span>
    </p>
   </div>
   <div class='ocr_carea' id='block_1_4' title="bbox 89 880 1650 3400">
    <p class='ocr_par' dir='ltr' id='par_1_4' title="bbox 89 880 1650 3400">
     <span class='ocr_line' id='line_1_6' title="bbox 249 880 1568 1045; baseline 0.011 -96"><span class='ocrx_word' id='word_1_11' title='bbox 249 880 411 1045; x_wconf 84' lang='lat' dir='ltr'><strong>leros</strong></span> <span class='ocrx_word' id='word_1_12' title='bbox 422 903 490 952; x_wconf 89' lang='lat' dir='ltr'><strong>tuos</strong></span> <span class='ocrx_word' id='word_1_13' title='bbox 498 882 567 951; x_wconf 88' lang='lat' dir='ltr'><strong>MS.</strong></span> <span class='ocrx_word' id='word_1_14' title='bbox 593 882 789 978; x_wconf 82' lang='lat' dir='ltr'><strong>accepimus,</strong></span> <span class='ocrx_word' id='word_1_15' title='bbox 814 882 951 979; x_wconf 86' lang='lat' dir='ltr'><strong>integros</strong></span> <span class='ocrx_word' id='word_1_16' title='bbox 965 883 1363 985; x_wconf 82' lang='lat' dir='ltr'><strong>&amp;abomnitempeslatutn</strong></span> <span class='ocrx_word' id='word_1_17' title='bbox 1370 892 1568 989; x_wconf 65' lang='lat' dir='ltr'><strong>irijuriapt07</strong></span> 
     </span>
     <span class='ocr_line' id='line_1_7' title="bbox 89 974 1566 1085; baseline 0.014 -46"><span class='ocrx_word' id='word_1_18' title='bbox 89 1032 94 1039; x_wconf 90' lang='lat'>.</span> <span class='ocrx_word' id='word_1_19' title='bbox 323 976 362 1048; x_wconf 90' lang='lat' dir='ltr'><strong>be</strong></span> <span class='ocrx_word' id='word_1_20' title='bbox 376 974 525 1050; x_wconf 87' lang='lat' dir='ltr'><strong>defensos.</strong></span> <span class='ocrx_word' id='word_1_21' title='bbox 576 977 636 1050; x_wconf 86' lang='lat' dir='ltr'><strong>Sed</strong></span> <span class='ocrx_word' id='word_1_22' title='bbox 649 981 767 1049; x_wconf 89' lang='lat' dir='ltr'><strong>utinam</strong></span> <span class='ocrx_word' id='word_1_23' title='bbox 782 1004 942 1076; x_wconf 83' lang='lat' dir='ltr'><strong>nunquam</strong></span> <span class='ocrx_word' id='word_1_24' title='bbox 964 976 1152 1078; x_wconf 86' lang='lat' dir='ltr'><strong>suscepissem</strong></span> <span class='ocrx_word' id='word_1_25' title='bbox 1166 984 1373 1082; x_wconf 71' lang='lat' dir='ltr'><strong>caprasiam,</strong></span> <span class='ocrx_word' id='word_1_26' title='bbox 1408 1013 1477 1085; x_wconf 85' lang='lat' dir='ltr'><strong>quae</strong></span> <span class='ocrx_word' id='word_1_27' title='bbox 1513 1015 1566 1060; x_wconf 89' lang='lat' dir='ltr'><strong>ro·</strong></span> 
     </span>
     <span class='ocr_line' id='line_1_8' title="bbox 246 1015 1575 1182; baseline 0.01 -37"><span class='ocrx_word' id='word_1_28' title='bbox 246 1073 393 1145; x_wconf 84' lang='lat' dir='ltr'><strong>miseram.</strong></span> <span class='ocrx_word' id='word_1_29' title='bbox 442 1077 528 1145; x_wconf 89' lang='lat' dir='ltr'><strong>Nam</strong></span> <span class='ocrx_word' id='word_1_30' title='bbox 540 1101 609 1175; x_wconf 85' lang='lat' dir='ltr'><strong>quae</strong></span> <span class='ocrx_word' id='word_1_31' title='bbox 623 1072 661 1145; x_wconf 88' lang='lat' dir='ltr'><strong>sit</strong></span> <span class='ocrx_word' id='word_1_32' title='bbox 674 1069 822 1147; x_wconf 87' lang='lat' dir='ltr'><strong>sententia</strong></span> <span class='ocrx_word' id='word_1_33' title='bbox 835 1070 971 1153; x_wconf 84' lang='lat' dir='ltr'><strong>illustriss.</strong></span> <span class='ocrx_word' id='word_1_34' title='bbox 996 1081 1241 1176; x_wconf 78' lang='lat' dir='ltr'><strong>Principiamei,</strong></span> <span class='ocrx_word' id='word_1_35' title='bbox 1264 1082 1368 1171; x_wconf 88' lang='lat' dir='ltr'><strong>jamad</strong></span> <span class='ocrx_word' id='word_1_36' title='bbox 1388 1015 1575 1182; x_wconf 50' lang='lat' dir='ltr'><strong>tepersiip-s</strong></span> 
     </span>
     <span class='ocr_line' id='line_1_9' title="bbox 245 1170 1569 1280; baseline 0.01 -41"><span class='ocrx_word' id='word_1_37' title='bbox 245 1191 312 1241; x_wconf 92' lang='lat' dir='ltr'><strong>tum</strong></span> <span class='ocrx_word' id='word_1_38' title='bbox 328 1173 464 1269; x_wconf 79' lang='lat' dir='ltr'><strong>intelligo</strong></span> <span class='ocrx_word' id='word_1_39' title='bbox 483 1200 491 1242; x_wconf 74' lang='grc' dir='ltr'><strong>ε</strong></span> <span class='ocrx_word' id='word_1_40' title='bbox 517 1200 585 1270; x_wconf 82' lang='lat' dir='ltr'><strong>qua:</strong></span> <span class='ocrx_word' id='word_1_41' title='bbox 624 1171 728 1242; x_wconf 88' lang='lat' dir='ltr'><strong>uidem</strong></span> <span class='ocrx_word' id='word_1_42' title='bbox 740 1193 881 1241; x_wconf 81' lang='lat' dir='ltr'>nontam</span> <span class='ocrx_word' id='word_1_43' title='bbox 894 1170 950 1269; x_wconf 88' lang='lat' dir='ltr'><strong>ipsi</strong></span> <span class='ocrx_word' id='word_1_44' title='bbox 967 1197 1058 1261; x_wconf 89' lang='lat' dir='ltr'><strong>nata,</strong></span> <span class='ocrx_word' id='word_1_45' title='bbox 1082 1202 1175 1273; x_wconf 92' lang='lat' dir='ltr'><strong>quam</strong></span> <span class='ocrx_word' id='word_1_46' title='bbox 1188 1178 1227 1247; x_wconf 90' lang='lat' dir='ltr'><strong>ab</strong></span> <span class='ocrx_word' id='word_1_47' title='bbox 1239 1179 1303 1249; x_wconf 85' lang='lat' dir='ltr'><strong>aliis</strong></span> <span class='ocrx_word' id='word_1_48' title='bbox 1327 1176 1480 1275; x_wconf 78' lang='lat' dir='ltr'><strong>expreffi,</strong></span> <span class='ocrx_word' id='word_1_49' title='bbox 1510 1186 1569 1280; x_wconf 85' lang='lat' dir='ltr'><strong>qui</strong></span> 
     </span>
     <span class='ocr_line' id='line_1_10' title="bbox 243 1199 1570 1374; baseline 0.011 -39"><span class='ocrx_word' id='word_1_50' title='bbox 243 1269 412 1365; x_wconf 86' lang='lat' dir='ltr'><strong>plurimum</strong></span> <span class='ocrx_word' id='word_1_51' title='bbox 429 1267 485 1339; x_wconf 91' lang='lat' dir='ltr'><strong>sibi</strong></span> <span class='ocrx_word' id='word_1_52' title='bbox 499 1271 533 1339; x_wconf 92' lang='lat' dir='ltr'><strong>in</strong></span> <span class='ocrx_word' id='word_1_53' title='bbox 543 1269 591 1340; x_wconf 84' lang='lat' dir='ltr'><strong>liis</strong></span> <span class='ocrx_word' id='word_1_54' title='bbox 600 1199 706 1365; x_wconf 75' lang='lat' dir='ltr'><strong>sapere</strong></span> <span class='ocrx_word' id='word_1_55' title='bbox 721 1267 886 1355; x_wconf 86' lang='lat' dir='ltr'><strong>videntur,</strong></span> <span class='ocrx_word' id='word_1_56' title='bbox 918 1276 950 1340; x_wconf 89' lang='lat'>&amp;</span> <span class='ocrx_word' id='word_1_57' title='bbox 965 1268 1080 1343; x_wconf 87' lang='lat' dir='ltr'><strong>fraudis</strong></span> <span class='ocrx_word' id='word_1_58' title='bbox 1095 1299 1147 1343; x_wconf 89' lang='lat' dir='ltr'><strong>me</strong></span> <span class='ocrx_word' id='word_1_59' title='bbox 1172 1271 1343 1365; x_wconf 83' lang='lat' dir='ltr'><strong>insimulare</strong></span> <span class='ocrx_word' id='word_1_60' title='bbox 1357 1279 1448 1347; x_wconf 89' lang='lat' dir='ltr'><strong>tacite</strong></span> <span class='ocrx_word' id='word_1_61' title='bbox 1463 1302 1522 1374; x_wconf 74' lang='lat' dir='ltr'><strong>prce</strong></span> <span class='ocrx_word' id='word_1_62' title='bbox 1535 1275 1570 1349; x_wconf 87' lang='lat' dir='ltr'><strong>se</strong></span> 
     </span>
     <span class='ocr_line' id='line_1_11' title="bbox 246 1365 1565 1469; baseline 0.008 -35"><span class='ocrx_word' id='word_1_63' title='bbox 246 1366 393 1452; x_wconf 79' lang='lat' dir='ltr'><strong>ulerunt,</strong></span> <span class='ocrx_word' id='word_1_64' title='bbox 417 1365 505 1464; x_wconf 90' lang='lat' dir='ltr'><strong>quod</strong></span> <span class='ocrx_word' id='word_1_65' title='bbox 511 1367 701 1462; x_wconf 88' lang='lat' dir='ltr'><strong>prima,vice</strong></span> <span class='ocrx_word' id='word_1_66' title='bbox 715 1390 812 1462; x_wconf 89' lang='lat' dir='ltr'><strong>quum</strong></span> <span class='ocrx_word' id='word_1_67' title='bbox 847 1368 958 1436; x_wconf 87' lang='lat' dir='ltr'><strong>retium</strong></span> <span class='ocrx_word' id='word_1_68' title='bbox 965 1368 1129 1455; x_wconf 89' lang='lat' dir='ltr'><strong>indicares,</strong></span> <span class='ocrx_word' id='word_1_69' title='bbox 1143 1372 1304 1441; x_wconf 88' lang='lat' dir='ltr'><strong>volumina</strong></span> <span class='ocrx_word' id='word_1_70' title='bbox 1312 1396 1423 1469; x_wconf 86' lang='lat' dir='ltr'><strong>magna</strong></span> <span class='ocrx_word' id='word_1_71' title='bbox 1436 1370 1565 1445; x_wconf 79' lang='lat' dir='ltr'><strong>asserue-</strong></span> 
     </span>
     <span class='ocr_line' id='line_1_12' title="bbox 246 1390 1578 1568; baseline 0.008 -38"><span class='ocrx_word' id='word_1_72' title='bbox 246 1463 330 1547; x_wconf 87' lang='lat' dir='ltr'><strong>rim,</strong></span> <span class='ocrx_word' id='word_1_73' title='bbox 354 1488 422 1560; x_wconf 81' lang='lat' dir='ltr'><strong>quat</strong></span> <span class='ocrx_word' id='word_1_74' title='bbox 436 1487 520 1532; x_wconf 90' lang='lat' dir='ltr'><strong>nunc</strong></span> <span class='ocrx_word' id='word_1_75' title='bbox 533 1461 608 1534; x_wconf 88' lang='lat' dir='ltr'><strong>folia</strong></span> <span class='ocrx_word' id='word_1_76' title='bbox 621 1486 715 1560; x_wconf 87' lang='lat' dir='ltr'><strong>pauca</strong></span> <span class='ocrx_word' id='word_1_77' title='bbox 728 1390 1000 1557; x_wconf 74' lang='lat' dir='ltr'><strong>depresmdantur.</strong></span> <span class='ocrx_word' id='word_1_78' title='bbox 1047 1471 1093 1535; x_wconf 93' lang='lat' dir='ltr'><strong>lta</strong></span> <span class='ocrx_word' id='word_1_79' title='bbox 1112 1467 1257 1564; x_wconf 84' lang='lat' dir='ltr'><strong>paulatim</strong></span> <span class='ocrx_word' id='word_1_80' title='bbox 1271 1464 1465 1554; x_wconf 62' lang='lat' dir='ltr'><strong>exiliantur,</strong></span> <span class='ocrx_word' id='word_1_81' title='bbox 1496 1496 1578 1568; x_wconf 49' lang='lat' dir='ltr'><strong>qua,</strong></span> 
     </span>
     <span class='ocr_line' id='line_1_13' title="bbox 247 1558 1565 1655; baseline 0.008 -28"><span class='ocrx_word' id='word_1_82' title='bbox 247 1580 332 1627; x_wconf 85' lang='lat' dir='ltr'><strong>antea</strong></span> <span class='ocrx_word' id='word_1_83' title='bbox 345 1560 488 1655; x_wconf 86' lang='lat' dir='ltr'><strong>legitimo</strong></span> <span class='ocrx_word' id='word_1_84' title='bbox 507 1558 648 1630; x_wconf 84' lang='lat' dir='ltr'><strong>aestimata</strong></span> <span class='ocrx_word' id='word_1_85' title='bbox 658 1561 766 1653; x_wconf 87' lang='lat' dir='ltr'><strong>pretio.</strong></span> <span class='ocrx_word' id='word_1_86' title='bbox 815 1558 998 1648; x_wconf 76' lang='lat' dir='ltr'><strong>Eoovero,</strong></span> <span class='ocrx_word' id='word_1_87' title='bbox 1044 1561 1108 1632; x_wconf 90' lang='lat' dir='ltr'><strong>uod</strong></span> <span class='ocrx_word' id='word_1_88' title='bbox 1118 1560 1197 1635; x_wconf 87' lang='lat' dir='ltr'><strong>serio</strong></span> <span class='ocrx_word' id='word_1_89' title='bbox 1212 1564 1310 1648; x_wconf 89' lang='lat' dir='ltr'><strong>dico,</strong></span> <span class='ocrx_word' id='word_1_90' title='bbox 1341 1562 1444 1635; x_wconf 90' lang='lat' dir='ltr'><strong>obniti</strong></span> <span class='ocrx_word' id='word_1_91' title='bbox 1458 1570 1565 1638; x_wconf 81' lang='lat' dir='ltr'><strong>animo</strong></span> 
     </span>
     <span class='ocr_line' id='line_1_14' title="bbox 247 1589 1563 1757; baseline 0.008 -35"><span class='ocrx_word' id='word_1_92' title='bbox 247 1656 408 1724; x_wconf 84' lang='lat' dir='ltr'><strong>&amp;ratione</strong></span> <span class='ocrx_word' id='word_1_93' title='bbox 420 1657 504 1753; x_wconf 83' lang='lat' dir='ltr'><strong>coepi</strong></span> <span class='ocrx_word' id='word_1_94' title='bbox 516 1695 535 1742; x_wconf 86' lang='lat'><strong>,·</strong></span> <span class='ocrx_word' id='word_1_95' title='bbox 552 1654 648 1752; x_wconf 84' lang='lat' dir='ltr'><strong>usque</strong></span> <span class='ocrx_word' id='word_1_96' title='bbox 661 1653 740 1724; x_wconf 90' lang='lat' dir='ltr'><strong>adeo</strong></span> <span class='ocrx_word' id='word_1_97' title='bbox 751 1676 785 1724; x_wconf 92' lang='lat' dir='ltr'><strong>ut</strong></span> <span class='ocrx_word' id='word_1_98' title='bbox 798 1651 817 1722; x_wconf 93' lang='lat' dir='ltr'><strong>s</strong></span> <span class='ocrx_word' id='word_1_99' title='bbox 842 1657 926 1752; x_wconf 89' lang='lat' dir='ltr'><strong>picio</strong></span> <span class='ocrx_word' id='word_1_100' title='bbox 941 1656 1010 1728; x_wconf 79' lang='lat' dir='ltr'><strong>nata</strong></span> <span class='ocrx_word' id='word_1_101' title='bbox 1022 1589 1074 1744; x_wconf 75' lang='lat' dir='ltr'><strong>sit,</strong></span> <span class='ocrx_word' id='word_1_102' title='bbox 1098 1684 1149 1730; x_wconf 88' lang='lat' dir='ltr'><strong>me</strong></span> <span class='ocrx_word' id='word_1_103' title='bbox 1156 1663 1412 1757; x_wconf 80' lang='lat' dir='ltr'><strong>proclivioremin</strong></span> <span class='ocrx_word' id='word_1_104' title='bbox 1418 1686 1563 1732; x_wconf 87' lang='lat' dir='ltr'><strong>comino-</strong></span> 
     </span>
     <span class='ocr_line' id='line_1_15' title="bbox 166 1747 1567 1848; baseline 0.006 -28"><span class='ocrx_word' id='word_1_105' title='bbox 166 1762 169 1769; x_wconf 63' lang='lat'><strong>⁴</strong></span> <span class='ocrx_word' id='word_1_106' title='bbox 248 1747 325 1821; x_wconf 92' lang='lat' dir='ltr'><strong>dum</strong></span> <span class='ocrx_word' id='word_1_107' title='bbox 338 1754 454 1837; x_wconf 89' lang='lat' dir='ltr'><strong>amici,</strong></span> <span class='ocrx_word' id='word_1_108' title='bbox 484 1777 578 1848; x_wconf 89' lang='lat' dir='ltr'><strong>quam</strong></span> <span class='ocrx_word' id='word_1_109' title='bbox 597 1752 746 1822; x_wconf 87' lang='lat' dir='ltr'><strong>Domini.</strong></span> <span class='ocrx_word' id='word_1_110' title='bbox 796 1751 894 1823; x_wconf 81' lang='lat' dir='ltr'><strong>Certo</strong></span> <span class='ocrx_word' id='word_1_111' title='bbox 906 1752 969 1825; x_wconf 88' lang='lat' dir='ltr'><strong>scio</strong></span> <span class='ocrx_word' id='word_1_112' title='bbox 981 1776 1013 1824; x_wconf 89' lang='lat' dir='ltr'><strong>te</strong></span> <span class='ocrx_word' id='word_1_113' title='bbox 1033 1752 1111 1825; x_wconf 87' lang='lat' dir='ltr'><strong>milii</strong></span> <span class='ocrx_word' id='word_1_114' title='bbox 1120 1755 1276 1840; x_wconf 85' lang='lat' dir='ltr'><strong>obirasci,</strong></span> <span class='ocrx_word' id='word_1_115' title='bbox 1299 1755 1401 1826; x_wconf 90' lang='lat' dir='ltr'><strong>sedita</strong></span> <span class='ocrx_word' id='word_1_116' title='bbox 1410 1784 1463 1828; x_wconf 88' lang='lat' dir='ltr'><strong>ine</strong></span> <span class='ocrx_word' id='word_1_117' title='bbox 1476 1760 1567 1830; x_wconf 85' lang='lat' dir='ltr'><strong>Deus</strong></span> 
     </span>
     <span class='ocr_line' id='line_1_16' title="bbox 249 1846 1565 1950; baseline 0.008 -35"><span class='ocrx_word' id='word_1_118' title='bbox 249 1868 352 1932; x_wconf 86' lang='lat' dir='ltr'><strong>amet,</strong></span> <span class='ocrx_word' id='word_1_119' title='bbox 377 1846 543 1919; x_wconf 86' lang='lat' dir='ltr'><strong>sitibinota</strong></span> <span class='ocrx_word' id='word_1_120' title='bbox 557 1848 681 1946; x_wconf 85' lang='lat' dir='ltr'><strong>ingenia</strong></span> <span class='ocrx_word' id='word_1_121' title='bbox 694 1848 860 1934; x_wconf 83' lang='lat' dir='ltr'><strong>Aularuni,</strong></span> <span class='ocrx_word' id='word_1_122' title='bbox 887 1848 950 1919; x_wconf 80' lang='lat' dir='ltr'><strong>hac</strong></span> <span class='ocrx_word' id='word_1_123' title='bbox 958 1852 1085 1950; x_wconf 88' lang='lat' dir='ltr'><strong>quidem</strong></span> <span class='ocrx_word' id='word_1_124' title='bbox 1098 1875 1204 1925; x_wconf 89' lang='lat' dir='ltr'><strong>nonte</strong></span> <span class='ocrx_word' id='word_1_125' title='bbox 1217 1852 1412 1924; x_wconf 86' lang='lat' dir='ltr'><strong>offenderent</strong></span> <span class='ocrx_word' id='word_1_126' title='bbox 1425 1906 1436 1940; x_wconf 89' lang='lat'>,</span> <span class='ocrx_word' id='word_1_127' title='bbox 1459 1851 1511 1924; x_wconf 88' lang='lat' dir='ltr'><strong>sed</strong></span> <span class='ocrx_word' id='word_1_128' title='bbox 1523 1881 1565 1926; x_wconf 88' lang='lat' dir='ltr'><strong>rie</strong></span> 
     </span>
     <span class='ocr_line' id='line_1_17' title="bbox 249 1941 1569 2048; baseline 0.006 -34"><span class='ocrx_word' id='word_1_129' title='bbox 249 1966 420 2014; x_wconf 87' lang='lat' dir='ltr'><strong>moverent.</strong></span> <span class='ocrx_word' id='word_1_130' title='bbox 469 1952 549 2045; x_wconf 77' lang='lat' dir='ltr'><strong>Qiae</strong></span> <span class='ocrx_word' id='word_1_131' title='bbox 568 1966 704 2017; x_wconf 86' lang='lat' dir='ltr'><strong>verorua</strong></span> <span class='ocrx_word' id='word_1_132' title='bbox 718 1941 937 2017; x_wconf 78' lang='lat' dir='ltr'><strong>esthumanios</strong></span> <span class='ocrx_word' id='word_1_133' title='bbox 957 1974 1008 2017; x_wconf 89' lang='lat' dir='ltr'><strong>me</strong></span> <span class='ocrx_word' id='word_1_134' title='bbox 1023 1944 1200 2036; x_wconf 75' lang='lat' dir='ltr'><strong>excusabis,</strong></span> <span class='ocrx_word' id='word_1_135' title='bbox 1232 1976 1308 2021; x_wconf 90' lang='lat' dir='ltr'><strong>eum</strong></span> <span class='ocrx_word' id='word_1_136' title='bbox 1320 1944 1408 2021; x_wconf 85' lang='lat' dir='ltr'><strong>facile</strong></span> <span class='ocrx_word' id='word_1_137' title='bbox 1431 1953 1569 2048; x_wconf 85' lang='lat' dir='ltr'><strong>cogitare</strong></span> 
     </span>
     <span class='ocr_line' id='line_1_18' title="bbox 249 2036 1567 2141; baseline 0.007 -33"><span class='ocrx_word' id='word_1_138' title='bbox 249 2036 368 2137; x_wconf 86' lang='lat' dir='ltr'><strong>possis,</strong></span> <span class='ocrx_word' id='word_1_139' title='bbox 401 2044 495 2140; x_wconf 80' lang='lat' dir='ltr'><strong>longe</strong></span> <span class='ocrx_word' id='word_1_140' title='bbox 510 2040 712 2141; x_wconf 78' lang='lat' dir='ltr'><strong>gratiffimum</strong></span> <span class='ocrx_word' id='word_1_141' title='bbox 730 2040 807 2111; x_wconf 83' lang='lat' dir='ltr'><strong>milii</strong></span> <span class='ocrx_word' id='word_1_142' title='bbox 821 2042 878 2114; x_wconf 87' lang='lat' dir='ltr'><strong>esse</strong></span> <span class='ocrx_word' id='word_1_143' title='bbox 900 2070 938 2113; x_wconf 85' lang='lat' dir='ltr'><strong>ea</strong></span> <span class='ocrx_word' id='word_1_144' title='bbox 958 2046 1020 2114; x_wconf 89' lang='lat' dir='ltr'><strong>lere</strong></span> <span class='ocrx_word' id='word_1_145' title='bbox 1031 2066 1104 2117; x_wconf 85' lang='lat' dir='ltr'><strong>vota</strong></span> <span class='ocrx_word' id='word_1_146' title='bbox 1122 2049 1214 2118; x_wconf 89' lang='lat' dir='ltr'><strong>amici</strong></span> <span class='ocrx_word' id='word_1_147' title='bbox 1225 2046 1356 2132; x_wconf 87' lang='lat' dir='ltr'><strong>summi,</strong></span> <span class='ocrx_word' id='word_1_148' title='bbox 1379 2054 1412 2118; x_wconf 77' lang='grc' dir='ltr'><strong>δι</strong></span> <span class='ocrx_word' id='word_1_149' title='bbox 1424 2045 1567 2117; x_wconf 82' lang='lat' dir='ltr'><strong>artissima</strong></span> 
     </span>
     <span class='ocr_line' id='line_1_19' title="bbox 250 2070 1626 2240; baseline 0.006 -34"><span class='ocrx_word' id='word_1_150' title='bbox 250 2136 469 2211; x_wconf 79' lang='lat' dir='ltr'><strong>necessitudine</strong></span> <span class='ocrx_word' id='word_1_151' title='bbox 484 2140 653 2230; x_wconf 72' lang='lat' dir='ltr'><strong>conjunsii.</strong></span> <span class='ocrx_word' id='word_1_152' title='bbox 702 2144 807 2232; x_wconf 81' lang='lat' dir='ltr'><strong>Qiare</strong></span> <span class='ocrx_word' id='word_1_153' title='bbox 821 2140 898 2238; x_wconf 91' lang='lat' dir='ltr'><strong>quid</strong></span> <span class='ocrx_word' id='word_1_154' title='bbox 914 2070 972 2211; x_wconf 74' lang='lat' dir='ltr'><strong>risi</strong></span> <span class='ocrx_word' id='word_1_155' title='bbox 987 2137 1164 2214; x_wconf 84' lang='lat' dir='ltr'><strong>faciendum</strong></span> <span class='ocrx_word' id='word_1_156' title='bbox 1180 2142 1218 2215; x_wconf 90' lang='lat' dir='ltr'><strong>sit</strong></span> <span class='ocrx_word' id='word_1_157' title='bbox 1230 2143 1292 2240; x_wconf 90' lang='lat' dir='ltr'><strong>ipse</strong></span> <span class='ocrx_word' id='word_1_158' title='bbox 1307 2141 1432 2228; x_wconf 84' lang='lat' dir='ltr'><strong>videris3</strong></span> <span class='ocrx_word' id='word_1_159' title='bbox 1455 2143 1570 2215; x_wconf 85' lang='lat' dir='ltr'><strong>fivero</strong></span> <span class='ocrx_word' id='word_1_160' title='bbox 1619 2139 1626 2157; x_wconf 65' lang='lat'>⁸</span> 
     </span>
     <span class='ocr_line' id='line_1_20' title="bbox 250 2236 1571 2338; baseline 0.005 -35"><span class='ocrx_word' id='word_1_161' title='bbox 250 2237 389 2306; x_wconf 84' lang='lat' dir='ltr'><strong>animum</strong></span> <span class='ocrx_word' id='word_1_162' title='bbox 403 2236 545 2308; x_wconf 83' lang='lat' dir='ltr'><strong>inducere</strong></span> <span class='ocrx_word' id='word_1_163' title='bbox 560 2262 628 2307; x_wconf 90' lang='lat' dir='ltr'><strong>nori</strong></span> <span class='ocrx_word' id='word_1_164' title='bbox 641 2256 728 2332; x_wconf 87' lang='lat' dir='ltr'><strong>potes</strong></span> <span class='ocrx_word' id='word_1_165' title='bbox 736 2289 747 2322; x_wconf 88' lang='lat'><em>,</em></span> <span class='ocrx_word' id='word_1_166' title='bbox 766 2256 851 2313; x_wconf 79' lang='lat' dir='ltr'><strong>uteo</strong></span> <span class='ocrx_word' id='word_1_167' title='bbox 866 2239 989 2336; x_wconf 81' lang='lat' dir='ltr'><strong>pretio,</strong></span> <span class='ocrx_word' id='word_1_168' title='bbox 1011 2237 1100 2336; x_wconf 92' lang='lat' dir='ltr'><strong>quod</strong></span> <span class='ocrx_word' id='word_1_169' title='bbox 1112 2241 1204 2311; x_wconf 84' lang='lat' dir='ltr'><strong>literae</strong></span> <span class='ocrx_word' id='word_1_170' title='bbox 1222 2242 1371 2337; x_wconf 85' lang='lat' dir='ltr'><strong>Principis</strong></span> <span class='ocrx_word' id='word_1_171' title='bbox 1382 2239 1571 2338; x_wconf 74' lang='lat' dir='ltr'><strong>praeferunt,</strong></span> 
     </span>
     <span class='ocr_line' id='line_1_21' title="bbox 250 2330 1564 2420; baseline 0.004 -19"><span class='ocrx_word' id='word_1_172' title='bbox 250 2331 428 2404; x_wconf 86' lang='lat' dir='ltr'><strong>vendendos</strong></span> <span class='ocrx_word' id='word_1_173' title='bbox 439 2332 616 2405; x_wconf 81' lang='lat' dir='ltr'><strong>existimes:</strong></span> <span class='ocrx_word' id='word_1_174' title='bbox 648 2331 778 2403; x_wconf 88' lang='lat' dir='ltr'><strong>adfirmo</strong></span> <span class='ocrx_word' id='word_1_175' title='bbox 785 2330 843 2403; x_wconf 79' lang='lat' dir='ltr'><strong>tilii</strong></span> <span class='ocrx_word' id='word_1_176' title='bbox 860 2388 871 2420; x_wconf 90' lang='lat'>,</span> <span class='ocrx_word' id='word_1_177' title='bbox 895 2331 958 2404; x_wconf 89' lang='lat' dir='ltr'><strong>sine</strong></span> <span class='ocrx_word' id='word_1_178' title='bbox 969 2335 1030 2405; x_wconf 83' lang='lat' dir='ltr'><strong>ulla</strong></span> <span class='ocrx_word' id='word_1_179' title='bbox 1042 2337 1159 2407; x_wconf 88' lang='lat' dir='ltr'><strong>macula</strong></span> <span class='ocrx_word' id='word_1_180' title='bbox 1174 2360 1226 2408; x_wconf 91' lang='lat' dir='ltr'><strong>aut</strong></span> <span class='ocrx_word' id='word_1_181' title='bbox 1240 2336 1518 2411; x_wconf 86' lang='lat' dir='ltr'><strong>danmoomnesad</strong></span> <span class='ocrx_word' id='word_1_182' title='bbox 1533 2359 1564 2406; x_wconf 92' lang='lat' dir='ltr'><strong>te</strong></span> 
     </span>
     <span class='ocr_line' id='line_1_22' title="bbox 249 2425 1563 2531; baseline 0.005 -35"><span class='ocrx_word' id='word_1_183' title='bbox 249 2425 354 2499; x_wconf 87' lang='lat' dir='ltr'><strong>nostro</strong></span> <span class='ocrx_word' id='word_1_184' title='bbox 366 2428 467 2501; x_wconf 87' lang='lat' dir='ltr'><strong>sumtu</strong></span> <span class='ocrx_word' id='word_1_185' title='bbox 489 2430 643 2502; x_wconf 86' lang='lat' dir='ltr'><strong>redibunt.</strong></span> <span class='ocrx_word' id='word_1_186' title='bbox 695 2436 742 2500; x_wconf 83' lang='lat' dir='ltr'><strong>At</strong></span> <span class='ocrx_word' id='word_1_187' title='bbox 760 2453 835 2499; x_wconf 86' lang='lat' dir='ltr'><strong>vero</strong></span> <span class='ocrx_word' id='word_1_188' title='bbox 852 2428 920 2499; x_wconf 86' lang='lat' dir='ltr'><strong>lite</strong></span> <span class='ocrx_word' id='word_1_189' title='bbox 937 2437 1043 2521; x_wconf 84' lang='lat' dir='ltr'><strong>juvant</strong></span> <span class='ocrx_word' id='word_1_190' title='bbox 1057 2444 1182 2504; x_wconf 87' lang='lat' dir='ltr'><strong>centum</strong></span> <span class='ocrx_word' id='word_1_191' title='bbox 1202 2436 1279 2531; x_wconf 92' lang='lat' dir='ltr'><strong>quin</strong></span> <span class='ocrx_word' id='word_1_192' title='bbox 1302 2426 1432 2529; x_wconf 76' lang='lat' dir='ltr'><strong>uagiiitu&#39;</strong></span> <span class='ocrx_word' id='word_1_193' title='bbox 1458 2436 1563 2521; x_wconf 84' lang='lat' dir='ltr'><strong>taleri,</strong></span> 
     </span>
     <span class='ocr_line' id='line_1_23' title="bbox 220 2522 1565 2627; baseline 0.004 -30"><span class='ocrx_word' id='word_1_194' title='bbox 220 2522 337 2621; x_wconf 86' lang='lat' dir='ltr'><strong>.lper0</strong></span> <span class='ocrx_word' id='word_1_195' title='bbox 351 2524 576 2622; x_wconf 86' lang='lat' dir='ltr'><strong>paratamfore</strong></span> <span class='ocrx_word' id='word_1_196' title='bbox 591 2528 765 2624; x_wconf 88' lang='lat' dir='ltr'><strong>pecuniam.</strong></span> <span class='ocrx_word' id='word_1_197' title='bbox 813 2524 1114 2616; x_wconf 85' lang='lat' dir='ltr'><strong>Utmihimalesit,</strong></span> <span class='ocrx_word' id='word_1_198' title='bbox 1135 2528 1238 2599; x_wconf 92' lang='lat' dir='ltr'><strong>sinon</strong></span> <span class='ocrx_word' id='word_1_199' title='bbox 1301 2532 1362 2627; x_wconf 84' lang='lat' dir='ltr'><strong>igar</strong></span> <span class='ocrx_word' id='word_1_200' title='bbox 1385 2533 1565 2601; x_wconf 88' lang='lat' dir='ltr'><strong>memirum</strong></span> 
     </span>
     <span class='ocr_line' id='line_1_24' title="bbox 248 2617 1563 2728; baseline 0.004 -36"><span class='ocrx_word' id='word_1_201' title='bbox 248 2624 281 2692; x_wconf 91' lang='lat' dir='ltr'><strong>in</strong></span> <span class='ocrx_word' id='word_1_202' title='bbox 300 2622 454 2709; x_wconf 87' lang='lat' dir='ltr'><strong>modum,</strong></span> <span class='ocrx_word' id='word_1_203' title='bbox 480 2624 565 2728; x_wconf 83' lang='lat' dir='ltr'><strong>quod</strong></span> <span class='ocrx_word' id='word_1_204' title='bbox 578 2623 638 2693; x_wconf 91' lang='lat' dir='ltr'><strong>hoc</strong></span> <span class='ocrx_word' id='word_1_205' title='bbox 655 2622 775 2721; x_wconf 85' lang='lat' dir='ltr'><strong>negotii</strong></span> <span class='ocrx_word' id='word_1_206' title='bbox 785 2617 974 2720; x_wconf 87' lang='lat' dir='ltr'><strong>susceperim.</strong></span> <span class='ocrx_word' id='word_1_207' title='bbox 1002 2624 1212 2697; x_wconf 86' lang='lat' dir='ltr'><strong>Vehementer</strong></span> <span class='ocrx_word' id='word_1_208' title='bbox 1219 2650 1254 2695; x_wconf 91' lang='lat' dir='ltr'><strong>ro</strong></span> <span class='ocrx_word' id='word_1_209' title='bbox 1276 2650 1315 2711; x_wconf 93' lang='lat' dir='ltr'><strong>o,</strong></span> <span class='ocrx_word' id='word_1_210' title='bbox 1339 2624 1563 2725; x_wconf 85' lang='lat' dir='ltr'><strong>utmiliiigno-</strong></span> 
     </span>
     <span class='ocr_line' id='line_1_25' title="bbox 249 2651 1566 2821; baseline 0.004 -32"><span class='ocrx_word' id='word_1_211' title='bbox 249 2715 336 2804; x_wconf 80' lang='lat' dir='ltr'><strong>scas,</strong></span> <span class='ocrx_word' id='word_1_212' title='bbox 362 2725 550 2816; x_wconf 82' lang='lat' dir='ltr'><strong>paratuslum</strong></span> <span class='ocrx_word' id='word_1_213' title='bbox 561 2651 1289 2821; x_wconf 63' lang='lat' dir='ltr'><strong>aliisofficiigeneribushocquicquidelldesidi</strong></span> <span class='ocrx_word' id='word_1_214' title='bbox 1316 2719 1447 2808; x_wconf 74' lang='lat' dir='ltr'><strong>restare,</strong></span> <span class='ocrx_word' id='word_1_215' title='bbox 1471 2749 1566 2821; x_wconf 89' lang='lat' dir='ltr'><strong>quam</strong></span> 
     </span>
     <span class='ocr_line' id='line_1_26' title="bbox 249 2747 1563 2931; baseline 0.004 -47"><span class='ocrx_word' id='word_1_216' title='bbox 249 2813 390 2886; x_wconf 74' lang='lat' dir='ltr'><strong>citissime</strong></span> <span class='ocrx_word' id='word_1_217' title='bbox 407 2821 565 2888; x_wconf 76' lang='lat' dir='ltr'><strong>certiorem</strong></span> <span class='ocrx_word' id='word_1_218' title='bbox 586 2845 636 2889; x_wconf 90' lang='lat' dir='ltr'><strong>me</strong></span> <span class='ocrx_word' id='word_1_219' title='bbox 658 2820 756 2887; x_wconf 89' lang='lat' dir='ltr'><strong>animi</strong></span> <span class='ocrx_word' id='word_1_220' title='bbox 775 2813 883 2888; x_wconf 85' lang='lat' dir='ltr'><strong>feceris</strong></span> <span class='ocrx_word' id='word_1_221' title='bbox 903 2843 937 2889; x_wconf 92' lang='lat' dir='ltr'><strong>ac</strong></span> <span class='ocrx_word' id='word_1_222' title='bbox 960 2821 1060 2917; x_wconf 89' lang='lat' dir='ltr'><strong>prima</strong></span> <span class='ocrx_word' id='word_1_223' title='bbox 1079 2821 1185 2931; x_wconf 74' lang='lat' dir='ltr'><strong>qiuvis</strong></span> <span class='ocrx_word' id='word_1_224' title='bbox 1207 2747 1367 2889; x_wconf 64' lang='lat' dir='ltr'><strong>occasione</strong></span> <span class='ocrx_word' id='word_1_225' title='bbox 1387 2872 1399 2905; x_wconf 91' lang='lat'><strong><em>,</em></strong></span> <span class='ocrx_word' id='word_1_226' title='bbox 1430 2821 1563 2889; x_wconf 86' lang='lat' dir='ltr'><strong>incertus</strong></span> 
     </span>
     <span class='ocr_line' id='line_1_27' title="bbox 251 2908 1595 3013; baseline 0.001 -31"><span class='ocrx_word' id='word_1_227' title='bbox 251 2914 338 2982; x_wconf 90' lang='lat' dir='ltr'><strong>enim</strong></span> <span class='ocrx_word' id='word_1_228' title='bbox 354 2908 443 3001; x_wconf 87' lang='lat' dir='ltr'><strong>sum,</strong></span> <span class='ocrx_word' id='word_1_229' title='bbox 473 2914 633 3013; x_wconf 88' lang='lat' dir='ltr'><strong>quamdiu</strong></span> <span class='ocrx_word' id='word_1_230' title='bbox 649 2913 699 2986; x_wconf 84' lang='lat' dir='ltr'><strong>liic</strong></span> <span class='ocrx_word' id='word_1_231' title='bbox 714 2916 859 2985; x_wconf 84' lang='lat' dir='ltr'><strong>moraturi</strong></span> <span class='ocrx_word' id='word_1_232' title='bbox 878 2911 978 2986; x_wconf 84' lang='lat' dir='ltr'><strong>simus.</strong></span> <span class='ocrx_word' id='word_1_233' title='bbox 1027 2915 1164 2987; x_wconf 86' lang='lat' dir='ltr'><strong>Mirifice</strong></span> <span class='ocrx_word' id='word_1_234' title='bbox 1185 2911 1343 2986; x_wconf 82' lang='lat' dir='ltr'><strong>exosculor</strong></span> <span class='ocrx_word' id='word_1_235' title='bbox 1363 2917 1504 2985; x_wconf 90' lang='lat' dir='ltr'><strong>animum</strong></span> <span class='ocrx_word' id='word_1_236' title='bbox 1517 2912 1568 2984; x_wconf 85' lang='lat' dir='ltr'><strong>af·</strong></span> <span class='ocrx_word' id='word_1_237' title='bbox 1589 2937 1595 2944; x_wconf 91' lang='lat'><strong>·</strong></span> 
     </span>
     <span class='ocr_line' id='line_1_28' title="bbox 249 3006 1572 3111; baseline 0.002 -32"><span class='ocrx_word' id='word_1_238' title='bbox 249 3006 429 3108; x_wconf 65' lang='lat' dir='ltr'><strong>sellumque</strong></span> <span class='ocrx_word' id='word_1_239' title='bbox 443 3034 555 3098; x_wconf 92' lang='lat' dir='ltr'><strong>tuum,</strong></span> <span class='ocrx_word' id='word_1_240' title='bbox 580 3037 675 3111; x_wconf 88' lang='lat' dir='ltr'><strong>quem</strong></span> <span class='ocrx_word' id='word_1_241' title='bbox 689 3015 753 3108; x_wconf 88' lang='lat' dir='ltr'><strong>pari</strong></span> <span class='ocrx_word' id='word_1_242' title='bbox 768 3036 871 3082; x_wconf 87' lang='lat' dir='ltr'><strong>amore</strong></span> <span class='ocrx_word' id='word_1_243' title='bbox 883 3037 1075 3102; x_wconf 86' lang='lat' dir='ltr'><strong>remunero,</strong></span> <span class='ocrx_word' id='word_1_244' title='bbox 1106 3008 1327 3085; x_wconf 85' lang='lat' dir='ltr'><strong>&amp;facilitatem</strong></span> <span class='ocrx_word' id='word_1_245' title='bbox 1348 3012 1431 3102; x_wconf 86' lang='lat' dir='ltr'><strong>illam</strong></span> <span class='ocrx_word' id='word_1_246' title='bbox 1452 3014 1572 3110; x_wconf 65' lang='lat' dir='ltr'><strong>quovis</strong></span> 
     </span>
     <span class='ocr_line' id='line_1_29' title="bbox 250 3103 1562 3206; baseline 0.001 -29"><span class='ocrx_word' id='word_1_247' title='bbox 250 3103 358 3178; x_wconf 86' lang='lat' dir='ltr'><strong>officio</strong></span> <span class='ocrx_word' id='word_1_248' title='bbox 368 3106 525 3179; x_wconf 86' lang='lat' dir='ltr'><strong>restituere</strong></span> <span class='ocrx_word' id='word_1_249' title='bbox 539 3131 655 3206; x_wconf 87' lang='lat' dir='ltr'><strong>paratus</strong></span> <span class='ocrx_word' id='word_1_250' title='bbox 666 3108 741 3179; x_wconf 90' lang='lat' dir='ltr'><strong>sum.</strong></span> <span class='ocrx_word' id='word_1_251' title='bbox 790 3107 921 3179; x_wconf 90' lang='lat' dir='ltr'><strong>Librum</strong></span> <span class='ocrx_word' id='word_1_252' title='bbox 935 3128 1025 3182; x_wconf 89' lang='lat' dir='ltr'><strong>tuum</strong></span> <span class='ocrx_word' id='word_1_253' title='bbox 1037 3109 1186 3182; x_wconf 86' lang='lat' dir='ltr'><strong>variatum</strong></span> <span class='ocrx_word' id='word_1_254' title='bbox 1199 3111 1357 3180; x_wconf 71' lang='lat' dir='ltr'><strong>aciionum</strong></span> <span class='ocrx_word' id='word_1_255' title='bbox 1372 3111 1476 3204; x_wconf 87' lang='lat' dir='ltr'><strong>accepi</strong></span> <span class='ocrx_word' id='word_1_256' title='bbox 1491 3161 1502 3193; x_wconf 89' lang='lat'>‚</span> <span class='ocrx_word' id='word_1_257' title='bbox 1528 3113 1562 3178; x_wconf 84' lang='lat' dir='ltr'><strong>dc</strong></span> 
     </span>
     <span class='ocr_line' id='line_1_30' title="bbox 272 3204 1564 3304; baseline 0.001 -30"><span class='ocrx_word' id='word_1_258' title='bbox 272 3205 348 3275; x_wconf 87' lang='lat' dir='ltr'><strong>rima</strong></span> <span class='ocrx_word' id='word_1_259' title='bbox 362 3210 468 3303; x_wconf 85' lang='lat' dir='ltr'><strong>quavis</strong></span> <span class='ocrx_word' id='word_1_260' title='bbox 483 3204 644 3278; x_wconf 77' lang='lat' dir='ltr'><strong>occasione</strong></span> <span class='ocrx_word' id='word_1_261' title='bbox 657 3208 811 3276; x_wconf 79' lang='lat' dir='ltr'><strong>remittam</strong></span> <span class='ocrx_word' id='word_1_262' title='bbox 827 3257 838 3290; x_wconf 93' lang='lat'>,</span> <span class='ocrx_word' id='word_1_263' title='bbox 863 3231 966 3304; x_wconf 87' lang='lat' dir='ltr'><strong>neque</strong></span> <span class='ocrx_word' id='word_1_264' title='bbox 981 3209 1067 3278; x_wconf 92' lang='lat' dir='ltr'><strong>enirn</strong></span> <span class='ocrx_word' id='word_1_265' title='bbox 1081 3205 1336 3277; x_wconf 84' lang='lat' dir='ltr'><strong>diutiusilloutar.</strong></span> <span class='ocrx_word' id='word_1_266' title='bbox 1368 3204 1564 3276; x_wconf 89' lang='lat' dir='ltr'><strong>Grimande-</strong></span> 
     </span>
     <span class='ocr_line' id='line_1_31' title="bbox 250 3229 1650 3400; baseline 0.002 -30"><span class='ocrx_word' id='word_1_267' title='bbox 250 3229 316 3372; x_wconf 67' lang='lat' dir='ltr'><strong>sim.</strong></span> <span class='ocrx_word' id='word_1_268' title='bbox 324 3323 426 3398; x_wconf 86' lang='lat' dir='ltr'><strong>petere</strong></span> <span class='ocrx_word' id='word_1_269' title='bbox 439 3330 506 3375; x_wconf 90' lang='lat' dir='ltr'><strong>non</strong></span> <span class='ocrx_word' id='word_1_270' title='bbox 520 3302 618 3373; x_wconf 86' lang='lat' dir='ltr'><strong>audeo</strong></span> <span class='ocrx_word' id='word_1_271' title='bbox 633 3355 644 3389; x_wconf 92' lang='lat'>,</span> <span class='ocrx_word' id='word_1_272' title='bbox 669 3327 740 3372; x_wconf 89' lang='lat' dir='ltr'><strong>cum</strong></span> <span class='ocrx_word' id='word_1_273' title='bbox 752 3301 831 3371; x_wconf 89' lang='lat' dir='ltr'><strong>nihil</strong></span> <span class='ocrx_word' id='word_1_274' title='bbox 851 3302 1019 3399; x_wconf 86' lang='lat' dir='ltr'><strong>quodvelis</strong></span> <span class='ocrx_word' id='word_1_275' title='bbox 1032 3301 1166 3400; x_wconf 74' lang='lat' dir='ltr'><strong>praestare</strong></span> <span class='ocrx_word' id='word_1_276' title='bbox 1180 3301 1239 3372; x_wconf 93' lang='lat' dir='ltr'><strong>tibi</strong></span> <span class='ocrx_word' id='word_1_277' title='bbox 1252 3298 1373 3399; x_wconf 75' lang='lat' dir='ltr'><strong>possim.</strong></span> <span class='ocrx_word' id='word_1_278' title='bbox 1423 3304 1571 3373; x_wconf 78' lang='lat' dir='ltr'><strong>Teucro</strong></span> <span class='ocrx_word' id='word_1_279' title='bbox 1646 3364 1650 3373; x_wconf 85' lang='grc'><em>,</em></span> 
     </span>
    </p>
   </div>
   <div class='ocr_carea' id='block_1_5' title="bbox 136 3395 1566 3496">
    <p class='ocr_par' dir='ltr' id='par_1_5' title="bbox 136 3395 1566 3496">
     <span class='ocr_line' id='line_1_32' title="bbox 136 3395 1566 3496; baseline 0.001 -30"><span class='ocrx_word' id='word_1_280' title='bbox 136 3417 141 3426; x_wconf 90' lang='grc'><strong><em>·</em></strong></span> <span class='ocrx_word' id='word_1_281' title='bbox 252 3423 381 3469; x_wconf 88' lang='lat' dir='ltr'><strong>munem</strong></span> <span class='ocrx_word' id='word_1_282' title='bbox 393 3407 426 3470; x_wconf 89' lang='lat'>&amp;</span> <span class='ocrx_word' id='word_1_283' title='bbox 442 3398 681 3472; x_wconf 80' lang='lat' dir='ltr'><strong>amantissimum</strong></span> <span class='ocrx_word' id='word_1_284' title='bbox 688 3395 784 3469; x_wconf 82' lang='lat' dir='ltr'><strong>nostri</strong></span> <span class='ocrx_word' id='word_1_285' title='bbox 801 3427 811 3483; x_wconf 85' lang='lat'>3</span> <span class='ocrx_word' id='word_1_286' title='bbox 836 3424 950 3496; x_wconf 85' lang='lat' dir='ltr'><strong>nempe</strong></span> <span class='ocrx_word' id='word_1_287' title='bbox 962 3421 998 3471; x_wconf 89' lang='lat' dir='ltr'><strong>ut</strong></span> <span class='ocrx_word' id='word_1_288' title='bbox 1010 3395 1486 3496; x_wconf 85' lang='lat' dir='ltr'><strong>fatigareahumanitatemetiam</strong></span> <span class='ocrx_word' id='word_1_289' title='bbox 1493 3424 1566 3468; x_wconf 93' lang='lat' dir='ltr'><strong>mu-</strong></span> 
     </span>
    </p>
   </div>
   <div class='ocr_carea' id='block_1_6' title="bbox 249 3493 1573 4556">
    <p class='ocr_par' dir='ltr' id='par_1_6' title="bbox 252 3493 1564 3607">
     <span class='ocr_line' id='line_1_33' title="bbox 252 3493 1564 3607; baseline 0 -45"><span class='ocrx_word' id='word_1_290' title='bbox 252 3519 325 3564; x_wconf 85' lang='lat' dir='ltr'><strong>nera</strong></span> <span class='ocrx_word' id='word_1_291' title='bbox 336 3495 460 3584; x_wconf 82' lang='lat' dir='ltr'><strong>adjicere</strong></span> <span class='ocrx_word' id='word_1_292' title='bbox 466 3494 592 3569; x_wconf 88' lang='lat' dir='ltr'><strong>voluisti</strong></span> <span class='ocrx_word' id='word_1_293' title='bbox 605 3494 723 3567; x_wconf 87' lang='lat' dir='ltr'><strong>libraria</strong></span> <span class='ocrx_word' id='word_1_294' title='bbox 737 3548 747 3581; x_wconf 89' lang='lat'>‚</span> <span class='ocrx_word' id='word_1_295' title='bbox 771 3498 921 3607; x_wconf 68' lang='lat' dir='ltr'><strong>quoniam</strong></span> <span class='ocrx_word' id='word_1_296' title='bbox 936 3499 979 3567; x_wconf 89' lang='lat' dir='ltr'><strong>ita</strong></span> <span class='ocrx_word' id='word_1_297' title='bbox 992 3498 1113 3594; x_wconf 87' lang='lat' dir='ltr'><strong>placet,</strong></span> <span class='ocrx_word' id='word_1_298' title='bbox 1137 3498 1267 3568; x_wconf 84' lang='lat' dir='ltr'><strong>retinere</strong></span> <span class='ocrx_word' id='word_1_299' title='bbox 1279 3495 1348 3564; x_wconf 83' lang='lat' dir='ltr'><strong>illos</strong></span> <span class='ocrx_word' id='word_1_300' title='bbox 1354 3493 1564 3591; x_wconf 82' lang='lat' dir='ltr'><strong>usqueiiiam-</strong></span> 
     </span>
    </p>

    <p class='ocr_par' dir='ltr' id='par_1_7' title="bbox 249 3588 1573 4556">
     <span class='ocr_line' id='line_1_34' title="bbox 275 3588 1565 3691; baseline 0.001 -33"><span class='ocrx_word' id='word_1_301' title='bbox 275 3590 376 3660; x_wconf 87' lang='lat' dir='ltr'><strong>lexum</strong></span> <span class='ocrx_word' id='word_1_302' title='bbox 396 3619 501 3664; x_wconf 88' lang='lat' dir='ltr'><strong>meuin</strong></span> <span class='ocrx_word' id='word_1_303' title='bbox 521 3615 635 3690; x_wconf 81' lang='lat' dir='ltr'><strong>potes,</strong></span> <span class='ocrx_word' id='word_1_304' title='bbox 657 3591 749 3691; x_wconf 88' lang='lat' dir='ltr'><strong>quisi</strong></span> <span class='ocrx_word' id='word_1_305' title='bbox 765 3593 857 3662; x_wconf 86' lang='lat' dir='ltr'><strong>nunis</strong></span> <span class='ocrx_word' id='word_1_306' title='bbox 876 3590 1055 3680; x_wconf 89' lang='lat' dir='ltr'><strong>diuturnus,</strong></span> <span class='ocrx_word' id='word_1_307' title='bbox 1078 3589 1308 3664; x_wconf 86' lang='lat' dir='ltr'><strong>Elmeiihorstio</strong></span> <span class='ocrx_word' id='word_1_308' title='bbox 1323 3588 1430 3660; x_wconf 85' lang='lat' dir='ltr'><strong>nostro</strong></span> <span class='ocrx_word' id='word_1_309' title='bbox 1449 3588 1565 3659; x_wconf 87' lang='lat' dir='ltr'><strong>tradere</strong></span> 
     </span>
     <span class='ocr_line' id='line_1_35' title="bbox 250 3614 1560 3787; baseline 0 -32"><span class='ocrx_word' id='word_1_310' title='bbox 250 3614 366 3776; x_wconf 72' lang='lat' dir='ltr'><strong>licebit.</strong></span> <span class='ocrx_word' id='word_1_311' title='bbox 413 3691 513 3762; x_wconf 80' lang='lat' dir='ltr'><strong>Valde</strong></span> <span class='ocrx_word' id='word_1_312' title='bbox 523 3711 626 3762; x_wconf 90' lang='lat' dir='ltr'><strong>autem</strong></span> <span class='ocrx_word' id='word_1_313' title='bbox 639 3688 828 3762; x_wconf 81' lang='lat' dir='ltr'><strong>exacerbavit</strong></span> <span class='ocrx_word' id='word_1_314' title='bbox 838 3690 978 3760; x_wconf 87' lang='lat' dir='ltr'><strong>atiimum</strong></span> <span class='ocrx_word' id='word_1_315' title='bbox 990 3715 1098 3770; x_wconf 88' lang='lat' dir='ltr'><strong>meum</strong></span> <span class='ocrx_word' id='word_1_316' title='bbox 1111 3743 1122 3776; x_wconf 92' lang='lat'>,</span> <span class='ocrx_word' id='word_1_317' title='bbox 1148 3688 1234 3787; x_wconf 92' lang='lat' dir='ltr'><strong>quod</strong></span> <span class='ocrx_word' id='word_1_318' title='bbox 1248 3707 1279 3756; x_wconf 91' lang='lat' dir='ltr'><strong>te</strong></span> <span class='ocrx_word' id='word_1_319' title='bbox 1291 3684 1411 3755; x_wconf 89' lang='lat' dir='ltr'><strong>abitum</strong></span> <span class='ocrx_word' id='word_1_320' title='bbox 1425 3687 1560 3782; x_wconf 82' lang='lat' dir='ltr'><strong>cogitare</strong></span> 
     </span>
     <span class='ocr_line' id='line_1_36' title="bbox 251 3780 1563 3886; baseline 0 -33"><span class='ocrx_word' id='word_1_321' title='bbox 251 3780 379 3867; x_wconf 86' lang='lat' dir='ltr'><strong>scribis,</strong></span> <span class='ocrx_word' id='word_1_322' title='bbox 425 3788 478 3859; x_wconf 91' lang='lat' dir='ltr'><strong>uid</strong></span> <span class='ocrx_word' id='word_1_323' title='bbox 485 3791 621 3886; x_wconf 89' lang='lat' dir='ltr'><strong>iniquius</strong></span> <span class='ocrx_word' id='word_1_324' title='bbox 636 3783 735 3858; x_wconf 84' lang='lat' dir='ltr'><strong>asatis</strong></span> <span class='ocrx_word' id='word_1_325' title='bbox 764 3781 1046 3883; x_wconf 82' lang='lat' dir='ltr'><strong>toficiscipoterat,-</strong></span> <span class='ocrx_word' id='word_1_326' title='bbox 1078 3811 1150 3857; x_wconf 87' lang='lat' dir='ltr'><strong>uani</strong></span> <span class='ocrx_word' id='word_1_327' title='bbox 1157 3807 1192 3856; x_wconf 93' lang='lat' dir='ltr'><strong>ut</strong></span> <span class='ocrx_word' id='word_1_328' title='bbox 1199 3808 1257 3853; x_wconf 88' lang='lat' dir='ltr'><strong>uos</strong></span> <span class='ocrx_word' id='word_1_329' title='bbox 1270 3780 1441 3852; x_wconf 87' lang='lat' dir='ltr'><strong>dividerent</strong></span> <span class='ocrx_word' id='word_1_330' title='bbox 1447 3836 1459 3869; x_wconf 88' lang='lat'>‚</span> <span class='ocrx_word' id='word_1_331' title='bbox 1505 3807 1563 3853; x_wconf 83' lang='lat' dir='ltr'><strong>uos</strong></span> 
     </span>
     <span class='ocr_line' id='line_1_37' title="bbox 253 3808 1566 3978; baseline -0.002 -27"><span class='ocrx_word' id='word_1_332' title='bbox 253 3886 287 3951; x_wconf 78' lang='grc' dir='ltr'><strong>δι</strong></span> <span class='ocrx_word' id='word_1_333' title='bbox 302 3811 463 3953; x_wconf 67' lang='lat' dir='ltr'><strong>consessus</strong></span> <span class='ocrx_word' id='word_1_334' title='bbox 483 3888 656 3956; x_wconf 84' lang='lat' dir='ltr'><strong>animorum</strong></span> <span class='ocrx_word' id='word_1_335' title='bbox 676 3889 709 3954; x_wconf 67' lang='grc' dir='ltr'><strong>ὃ(</strong></span> <span class='ocrx_word' id='word_1_336' title='bbox 779 3882 901 3953; x_wconf 90' lang='lat' dir='ltr'><strong>diorum</strong></span> <span class='ocrx_word' id='word_1_337' title='bbox 920 3883 958 3954; x_wconf 92' lang='lat' dir='ltr'><strong>ad</strong></span> <span class='ocrx_word' id='word_1_338' title='bbox 976 3813 1134 3976; x_wconf 76' lang='lat' dir='ltr'><strong>utriusque</strong></span> <span class='ocrx_word' id='word_1_339' title='bbox 1157 3880 1403 3951; x_wconf 90' lang='lat' dir='ltr'><strong>emolumentum</strong></span> <span class='ocrx_word' id='word_1_340' title='bbox 1416 3808 1566 3978; x_wconf 70' lang='lat' dir='ltr'><strong>aptissime</strong></span> 
     </span>
     <span class='ocr_line' id='line_1_38' title="bbox 250 3976 1572 4080; baseline -0.005 -32"><span class='ocrx_word' id='word_1_341' title='bbox 250 3983 418 4075; x_wconf 80' lang='lat' dir='ltr'><strong>jungeret,</strong></span> <span class='ocrx_word' id='word_1_342' title='bbox 439 4006 501 4080; x_wconf 85' lang='lat' dir='ltr'><strong>ego</strong></span> <span class='ocrx_word' id='word_1_343' title='bbox 512 3985 651 4052; x_wconf 84' lang='lat' dir='ltr'><strong>verotuis</strong></span> <span class='ocrx_word' id='word_1_344' title='bbox 663 3983 744 4051; x_wconf 87' lang='lat' dir='ltr'><strong>votis</strong></span> <span class='ocrx_word' id='word_1_345' title='bbox 751 4005 876 4064; x_wconf 89' lang='lat' dir='ltr'><strong>voveo,</strong></span> <span class='ocrx_word' id='word_1_346' title='bbox 900 3987 933 4051; x_wconf 75' lang='lat' dir='ltr'><strong>dt</strong></span> <span class='ocrx_word' id='word_1_347' title='bbox 949 3976 1446 4073; x_wconf 84' lang='lat' dir='ltr'><strong>mallemillatibieiipletapotius,</strong></span> <span class='ocrx_word' id='word_1_348' title='bbox 1470 4001 1572 4072; x_wconf 86' lang='lat' dir='ltr'><strong>quani.</strong></span> 
     </span>
     <span class='ocr_line' id='line_1_39' title="bbox 252 4071 1563 4173; baseline -0.004 -28"><span class='ocrx_word' id='word_1_349' title='bbox 252 4079 316 4146; x_wconf 92' lang='lat' dir='ltr'><strong>mei</strong></span> <span class='ocrx_word' id='word_1_350' title='bbox 332 4074 424 4171; x_wconf 87' lang='lat' dir='ltr'><strong>ipsius</strong></span> <span class='ocrx_word' id='word_1_351' title='bbox 438 4080 544 4147; x_wconf 90' lang='lat' dir='ltr'><strong>animo</strong></span> <span class='ocrx_word' id='word_1_352' title='bbox 554 4073 748 4149; x_wconf 72' lang='lat' dir='ltr'><strong>satisfaclum.</strong></span> <span class='ocrx_word' id='word_1_353' title='bbox 771 4072 984 4173; x_wconf 86' lang='lat' dir='ltr'><strong>Deplorofata</strong></span> <span class='ocrx_word' id='word_1_354' title='bbox 991 4074 1149 4146; x_wconf 89' lang='lat' dir='ltr'><strong>bonorum</strong></span> <span class='ocrx_word' id='word_1_355' title='bbox 1163 4126 1174 4159; x_wconf 91' lang='lat'>,</span> <span class='ocrx_word' id='word_1_356' title='bbox 1197 4080 1230 4144; x_wconf 78' lang='lat' dir='ltr'><strong>dt</strong></span> <span class='ocrx_word' id='word_1_357' title='bbox 1243 4071 1356 4170; x_wconf 86' lang='lat' dir='ltr'><strong>quibus</strong></span> <span class='ocrx_word' id='word_1_358' title='bbox 1369 4074 1414 4143; x_wconf 91' lang='lat' dir='ltr'><strong>illi</strong></span> <span class='ocrx_word' id='word_1_359' title='bbox 1426 4071 1563 4142; x_wconf 89' lang='lat' dir='ltr'><strong>obruan-</strong></span> 
     </span>
     <span class='ocr_line' id='line_1_40' title="bbox 251 4168 1570 4272; baseline -0.006 -28"><span class='ocrx_word' id='word_1_360' title='bbox 251 4193 302 4244; x_wconf 88' lang='lat' dir='ltr'><strong>tur</strong></span> <span class='ocrx_word' id='word_1_361' title='bbox 313 4171 540 4245; x_wconf 86' lang='lat' dir='ltr'><strong>difficultatibus</strong></span> <span class='ocrx_word' id='word_1_362' title='bbox 562 4172 702 4272; x_wconf 90' lang='lat' dir='ltr'><strong>quotidie</strong></span> <span class='ocrx_word' id='word_1_363' title='bbox 718 4174 858 4272; x_wconf 81' lang='lat' dir='ltr'><strong>experior</strong></span> <span class='ocrx_word' id='word_1_364' title='bbox 877 4177 910 4244; x_wconf 88' lang='lat' dir='ltr'><strong>in</strong></span> <span class='ocrx_word' id='word_1_365' title='bbox 924 4170 985 4242; x_wconf 86' lang='lat' dir='ltr'><strong>lioc</strong></span> <span class='ocrx_word' id='word_1_366' title='bbox 1008 4168 1223 4242; x_wconf 84' lang='lat' dir='ltr'><strong>molestiffimo</strong></span> <span class='ocrx_word' id='word_1_367' title='bbox 1240 4171 1308 4240; x_wconf 83' lang='lat' dir='ltr'><strong>vitae</strong></span> <span class='ocrx_word' id='word_1_368' title='bbox 1329 4193 1465 4269; x_wconf 79' lang='lat' dir='ltr'><strong>genere:</strong></span> <span class='ocrx_word' id='word_1_369' title='bbox 1503 4170 1570 4236; x_wconf 90' lang='lat' dir='ltr'><strong>uti-</strong></span> 
     </span>
     <span class='ocr_line' id='line_1_41' title="bbox 250 4268 1564 4368; baseline -0.007 -29"><span class='ocrx_word' id='word_1_370' title='bbox 250 4295 325 4340; x_wconf 86' lang='lat' dir='ltr'><strong>nam</strong></span> <span class='ocrx_word' id='word_1_371' title='bbox 332 4296 383 4341; x_wconf 89' lang='lat' dir='ltr'><strong>me</strong></span> <span class='ocrx_word' id='word_1_372' title='bbox 390 4273 583 4367; x_wconf 88' lang='lat' dir='ltr'><strong>interciperet</strong></span> <span class='ocrx_word' id='word_1_373' title='bbox 594 4271 694 4368; x_wconf 86' lang='lat' dir='ltr'><strong>aliqua</strong></span> <span class='ocrx_word' id='word_1_374' title='bbox 708 4297 797 4368; x_wconf 86' lang='lat' dir='ltr'><strong>rupes</strong></span> <span class='ocrx_word' id='word_1_375' title='bbox 808 4295 981 4368; x_wconf 88' lang='lat' dir='ltr'><strong>caprearum</strong></span> <span class='ocrx_word' id='word_1_376' title='bbox 986 4324 997 4357; x_wconf 89' lang='lat'>‚</span> <span class='ocrx_word' id='word_1_377' title='bbox 1024 4271 1058 4338; x_wconf 92' lang='lat' dir='ltr'><strong>in</strong></span> <span class='ocrx_word' id='word_1_378' title='bbox 1065 4295 1125 4366; x_wconf 90' lang='lat' dir='ltr'><strong>qua</strong></span> <span class='ocrx_word' id='word_1_379' title='bbox 1134 4287 1254 4362; x_wconf 76' lang='lat' dir='ltr'><strong>ereptus</strong></span> <span class='ocrx_word' id='word_1_380' title='bbox 1268 4268 1442 4335; x_wconf 76' lang='lat' dir='ltr'><strong>mortalium</strong></span> <span class='ocrx_word' id='word_1_381' title='bbox 1457 4282 1564 4331; x_wconf 87' lang='lat' dir='ltr'><strong>conta-</strong></span> 
     </span>
     <span class='ocr_line' id='line_1_42' title="bbox 249 4357 1564 4467; baseline -0.006 -32"><span class='ocrx_word' id='word_1_382' title='bbox 249 4364 1049 4467; x_wconf 59' lang='lat' dir='ltr'><strong>gio‚tanquamDeusaliquis,consenescercleale,</strong></span> <span class='ocrx_word' id='word_1_383' title='bbox 1072 4357 1564 4466; x_wconf 69' lang='lat' dir='ltr'><strong>&amp;meamaGottorpiiniJa-</strong></span> 
     </span>
     <span class='ocr_line' id='line_1_43' title="bbox 250 4454 1573 4556; baseline -0.005 -17"><span class='ocrx_word' id='word_1_384' title='bbox 250 4465 348 4539; x_wconf 79' lang='lat' dir='ltr'><strong>auarii</strong></span> <span class='ocrx_word' id='word_1_385' title='bbox 362 4490 412 4538; x_wconf 74' lang='lat' dir='ltr'><strong>cia</strong></span> <span class='ocrx_word' id='word_1_386' title='bbox 430 4489 598 4540; x_wconf 73' lang='lat' dir='ltr'><strong>mcviii.</strong></span> <span class='ocrx_word' id='word_1_387' title='bbox 1043 4463 1125 4534; x_wconf 89' lang='lat' dir='ltr'><strong>Mni</strong></span> <span class='ocrx_word' id='word_1_388' title='bbox 1149 4486 1164 4556; x_wconf 85' lang='lat'>3</span> <span class='ocrx_word' id='word_1_389' title='bbox 1313 4532 1333 4553; x_wconf 36' lang='grc' dir='ltr'><strong>ᾖ</strong></span> <span class='ocrx_word' id='word_1_390' title='bbox 1464 4454 1573 4524; x_wconf 77' lang='lat' dir='ltr'><strong>EPI·</strong></span> 
     </span>
    </p>
   </div>
   <div class='ocr_carea' id='block_1_7' title="bbox 0 0 2051 5425">
    <p class='ocr_par' dir='ltr' id='par_1_8' title="bbox 0 0 2051 5425">
     <span class='ocr_line' id='line_1_44' title="bbox 0 0 2051 5425; baseline 0 0"><span class='ocrx_word' id='word_1_391' title='bbox 0 0 2051 5425; x_wconf 95' lang='lat' dir='ltr'><strong> </strong></span> 
     </span>
    </p>
   </div>
  </div>
 </body>
</html>
